2423 3074
540 210 589 251 R·
621 216 718 267 νῦ)
742 217 814 265 '²³²2

162 323 275 343 nomen
296 311 408 342 Tsclzin
425 311 506 341 haud
524 311 645 350 quidem
663 309 850 348 incognitum
867 314 929 346 est,
962 318 998 337 eo
1012 313 1114 338 tamen
1127 308 1165 337 de

162 366 193 385 se
209 357 367 395 loquentes
378 355 427 383 vel
442 364 512 383 raro
530 353 577 381 vel
591 362 747 391 nunquam
756 352 802 381 uti
819 352 927 381 solent.
956 353 1095 385 Utuntur
1109 361 1165 390 pro

163 409 199 427 eo
214 399 263 427 vel
278 398 481 436 dynastiarum
498 395 690 433 regnantium
704 395 897 431 nominibus,
916 405 993 433 quae
1010 404 1080 423 eum
1094 393 1166 431 ipsis

162 440 211 469 his
223 441 366 479 dynastiis
380 438 488 467 mutari
502 438 612 473 solent,
629 443 664 466 ut
675 442 819 476 regnante
833 438 938 476 quinta
950 437 1083 476 dynastia
1092 434 1166 464 Han

162 483 212 512 vel
234 479 380 520 Han—jin
404 490 433 518 q.
453 480 482 508 d.
513 480 571 509 viri
595 480 741 517 Hanitae‚
776 484 921 518 regnante
944 480 1034 509 tertia
1051 479 1166 507 decima

165 525 253 563 Tang
283 524 332 552 vel
358 520 537 562 Tang-jin,
577 532 659 551 nunc
686 528 830 561 regnante
854 523 946 551 altera
972 528 1002 551 et
1023 521 1165 550 vicesima

165 563 371 605 Thsing-jz‘n:
405 565 456 594 vel
480 565 602 604 imperii
625 566 671 594 sui
693 566 788 594 titulis
807 565 970 604 magnificis
986 564 1166 602 superbiunt

162 615 195 638 ut
216 605 425 647 Tchung-kue
438 608 601 647 imperium
615 608 726 644 medii,
755 607 969 646 Teliung-lzua
986 607 1042 635 flos
1060 606 1164 642 medii,

161 650 221 679 Szu
245 649 296 678 1ιαί
319 655 464 688 quattuor
482 651 595 686 maria,
631 649 729 678 leian
747 649 797 678 hia
819 651 876 678 sub
892 650 995 685 coelo,
1024 647 1097 678 Chia
1115 655 1167 676 tan

160 703 268 722 aurora
293 693 461 722 orientalis.
516 693 603 729 Quae
631 703 726 731 quum
750 693 790 721 ita
813 693 893 728 sint,
934 693 966 720 in
988 691 1167 720 universum

161 735 283 774 quidem
299 734 381 764 haud
398 735 607 774 improbabilia
627 735 825 763 coniecerunt
837 756 844 770 ,
876 735 927 772 qui
943 735 1032 763 Sinae
1055 743 1168 763 nomen

161 789 178 806 a
201 778 335 816 dynastia
359 783 464 816 quarta
494 777 588 805 Tslzin
613 777 710 812 dieta,
743 787 820 815 quae
840 777 950 815 249——
964 776 1024 805 206
1041 787 1069 805 a.
1089 776 1165 805 Chr.

161 821 323 859 imperium
339 821 437 849 tenuit
462 819 472 858 (
486 830 516 848 v.
542 819 582 848 du
594 816 695 848 Halde'
708 819 936 858 Beschreibung
958 819 1009 848 des
1025 819 1168 848 Chinesi-

160 863 253 892 seben
272 863 402 891 Reiches
421 863 447 899 I,
464 873 495 900 p.
515 862 577 890 3ιο
591 861 671 901 sqq.)
689 862 813 891 ductum
828 863 1037 891 existimarent
1060 860 1110 900 (v.
1126 862 1168 890 du

161 905 260 934 Halde
288 914 298 933 1
319 905 347 943 §.
374 914 401 934 1.
448 904 550 933 Abel-
563 905 707 934 Remusat
721 915 816 934 nouv.
836 905 989 944 Melanges
1006 904 1168 943 asiatiques

161 949 192 977 ΙΙ
223 959 254 986 p.
275 948 337 976 334
352 958 419 987 sqq.
458 947 630 985 Klaproth,
665 948 791 977 Journal
813 948 898 977 asiat.
921 948 942 976 l.
968 950 1035 986 c.):
1068 957 1168 985 neque

162 996 262 1020 tamen
284 990 362 1019 hane
386 990 592 1019 coniecturam
612 995 646 1019 ut
661 995 773 1019 certam
788 991 990 1029 pronunciare
1006 990 1166 1026 debebant,

163 1043 257 1071 quum
287 1033 375 1071 plura
406 1033 582 1061 testimonia
607 1034 810 1072 antiquiorem
836 1034 898 1062 eius
921 1033 1053 1062 nominis
1079 1042 1168 1061 usum

164 1075 366 1110 confirment,
405 1079 436 1103 et
468 1085 530 1103 non
562 1076 673 1105 minori
706 1076 771 1105 iure
806 1076 897 1104 etiam
932 1076 1006 1104 aliae
1033 1075 1168 1104 eiusdem

163 1127 271 1146 causae
296 1118 421 1156 cogitari
445 1118 561 1155 possint
584 1118 623 1157 *).
670 1119 706 1147 In
725 1119 785 1148 illis
809 1118 989 1148 testimoniis
1013 1128 1076 1146 non
1099 1117 1169 1145 infi-

163 1171 247 1188 mum
269 1161 409 1199 profecto
432 1160 533 1188 locum
556 1161 717 1199 occupabit
740 1166 845 1190 noster
868 1162 909 1190 V.
935 1161 976 1189 T.
1000 1160 1085 1188 Iocus
1104 1157 1167 1198 '‘²‘),

163 1203 217 1241 qui
245 1203 527 1241 antiquissimorum
565 1204 748 1241 scriptorum
782 1203 958 1232 Indicorum
989 1203 1169 1231 auctoritate

163 1245 244 1273 haud
275 1245 470 1274 mediocriter
499 1245 713 1275 confirmatur:
751 1256 769 1274 e
797 1245 890 1274 variis
911 1249 1011 1274 autem
1034 1254 1110 1283 quae
1132 1243 1170 1272 ad

163 1288 366 1325 antiquiorem
391 1287 507 1315 nomini
527 1288 674 1326 originem
694 1288 904 1317 vindicandam
920 1287 1083 1326 excogitari
1098 1297 1171 1325 pos-

164 1331 223 1358 sint
256 1330 440 1358 coniecturis
474 1330 557 1358 nulla
587 1331 680 1368 magis
709 1331 840 1369 placuit,
879 1340 968 1368 quam
994 1340 1047 1365 ea,
1080 1338 1171 1367 quam

164 1382 263 1411 nuper
288 1382 408 1400 mecum
432 1373 668 1401 communicavit
700 1373 785 1401 Guil,
811 1372 964 1401 Schottius
987 1373 1027 1401 V.
1055 1373 1097 1400 D.
1140 1371 1172 1399 Is

165 1416 245 1444 enim
261 1415 292 1443 in
311 1415 485 1443 coniectura
503 1424 592 1452 quam
610 1415 700 1443 modo
713 1415 843 1444 diximus
857 1420 980 1443 eatenus
996 1413 1171 1453 acquiescit,

164 1462 198 1486 ut
224 1462 253 1485 et
278 1458 341 1495 ipse
365 1466 476 1484 nomen
500 1456 611 1486 Tsclzin
633 1458 712 1495 apud
732 1458 823 1486 Indos
841 1457 985 1485 usitatum
1007 1468 1024 1485 a
1048 1460 1172 1494 quartae

164 1500 318 1538 dynastiae
342 1499 466 1527 nomine
489 1499 613 1527 ductum
637 1500 808 1535 existimet,
841 1499 1038 1528 nihilominus
1059 1499 1089 1526 id
1114 1498 1173 1526 iam

164 1542 217 1570 diu
237 1547 305 1570 ante
330 1541 466 1570 seculum
492 1542 614 1570 tertium
638 1552 666 1570 a.
694 1542 769 1570 Chr.
795 1547 895 1570 ortum
915 1551 978 1570 esse
993 1552 1080 1580 posse
1100 1550 1172 1568 een-

165 1589 210 1612 set
235 1583 310 1622 ***).
357 1584 479 1612 Etenim
521 1584 674 1622 dynastiae
715 1583 810 1613 Tshin
847 1584 999 1623 principes
1034 1592 1171 1622 regesve,

165 1632 327 1665 antequam
359 1627 454 1655 totius
486 1627 574 1656 Sinae
602 1627 763 1666 imperium
787 1631 998 1666 capesserent,
1036 1627 1095 1655 iam
1119 1636 1173 1665 per

165 1679 259 1697 annos
274 1669 378 1697 DCLI
394 1669 507 1707 patriae
524 1670 696 1708 provinciae
713 1669 874 1706 Tshin,0in
889 1669 1068 1698 occidentali
1084 1669 1173 1698 Sinae

165 1717 248 1750 parte
268 1711 340 1750 (ubi
357 1722 438 1740 nune
453 1712 621 1751 Schen-si)
640 1713 695 1741 sita
710 1713 934 1751 imperaverant
948 1717 977 1741 et
995 1713 1051 1740 sub
1067 1712 1172 1740 tertiae

170 1754 323 1792 dynastiae
355 1753 505 1792 (Tchcn)
540 1755 790 1794 imperatoribus,
826 1755 1001 1784 mortalium
1022 1754 1173 1784 inertissi-

166 1797 238 1830 mis,
271 1806 431 1834 permagna
453 1798 630 1826 auctoritate
655 1803 684 1826 et
702 1798 793 1826 nimia
807 1798 871 1827 sere
888 1798 1024 1837 potentia
1041 1798 1087 1826 usi
1103 1796 1172 1825 fue-

166 1844 245 1867 rant.
271 1839 371 1866 Faeile
389 1839 481 1877 igitur
496 1841 594 1878 regiae
613 1840 703 1869 huius
721 1841 872 1879 dynastiae
887 1843 918 1870 in
934 1839 1172 1869 occidentalibus

168 1881 288 1919 imperii
306 1881 414 1909 finibus
430 1883 581 1920 regnantis
598 1893 709 1912 nomen
733 1884 815 1912 Indis
829 1884 1020 1912 innotescere
1042 1888 1071 1911 et
1091 1882 1171 1921 apud

167 1934 218 1952 eos
245 1924 281 1952 de
306 1924 448 1952 universo
471 1925 583 1963 populo
600 1927 738 1964 usurpari
759 1927 859 1964 potuit
881 1926 943 1964 (cf.
962 1933 1006 1969 ἴῃ
1022 1925 1057 1953 de
1074 1925 1170 1954 Grae-

167 1965 229 2004 eis)
243 1986 250 2001 ,
275 1971 435 2003 antequam
453 1978 486 1994 ca
505 1968 598 1996 totius
615 1969 735 2006 imperii
751 1969 836 1998 clavo
852 1969 1014 2008 potiretur.
1036 1965 1169 1995 Sinenses

166 2014 266 2037 autem
292 2014 428 2036 veterum
452 2009 598 2038 Indorum
623 2021 638 2039 a
660 2012 867 2049 septentrione
888 2017 917 2040 et
935 2011 1048 2040 oriente
1065 2009 1169 2038 Indiae

1158 206 1249 250 950

1570 206 1712 267 ”aas
1740 228 1799 235 -
1829 213 1903 263 νο.

1234 305 1422 345 quaerendos
1455 315 1517 335 esse
1529 306 1541 343 ,’
1575 311 1606 335 et
1637 306 1821 336 commercio
1843 307 1979 336 terrestri
2003 317 2066 337 non
2086 309 2241 340 maritimo

1233 349 1271 377 iis
1286 349 1466 385 innotuisse,
1485 349 1558 378 aliae
1573 349 1664 378 etiam
1679 349 1811 379 rationes
1826 350 1951 378 suadent
1966 348 2092 388 (Lassen
2108 351 2239 383 institut.

1234 391 1362 420 Pracrit.
1381 391 1403 421 1.
1421 401 1450 421 e.
1497 391 1548 420 Cf.
1569 402 1659 430 supra
1675 397 1740 420 not.
1763 391 1791 406 *³³
1801 391 1824 430 ).
1874 392 2020 421 Ceterum
2043 403 2119 432 quae
2134 395 2242 434 dispu-

1234 434 1365 463 tavimus
1402 434 1521 462 abunde
1556 435 1791 473 suppeditabunt
1829 434 1866 462 ad
1897 434 2054 464 diluendas
2083 440 2129 465 sat
2158 437 2241 467 leves

1234 476 1474 506 adversariorum
1498 477 1712 515 exceptiones,
1743 477 1828 506 velut
1850 477 1950 506 Grotii
1977 477 2033 516 (ad
2053 478 2114 507 Jes.
2139 478 2162 508 l.
2186 481 2240 518 e.)

1235 523 1266 547 et
1289 518 1424 548 Pfeifferi
1446 518 1541 557 (dub.
1563 529 1636 548 vex.
1658 520 1698 548 ad
1716 519 1748 548 h.
1768 518 1831 558 1.)‚
1863 520 1916 558 qui
1937 521 2078 549 Sinenses
2103 526 2153 562 ΓΞ
2178 532 2242 551 non

1235 567 1284 603 ΓΟ
1304 561 1365 590 dici
1389 562 1609 598 observabant,
1642 571 1742 600 neque
1767 568 1884 591 certum
1905 573 1989 599 esse,
2014 573 2141 602 regnum
2158 562 2242 593 Sini-

1235 614 1305 632 eum
1329 604 1442 632 Jesaiae
1466 609 1602 643 tempore
1624 605 1746 633 Judaeis
1770 605 1825 633 sub
1843 605 1896 632 illo
1918 606 2041 634 nomine
2058 606 2239 635 innotuisse.

1235 647 1286 675 De
1297 651 1434 684 tempore
1453 645 1501 684 (et
1514 645 1602 684 loco)
1621 647 1814 685 respondisse
1829 646 1978 684 sufficiat,
2001 649 2142 677 Sinarum
2158 649 2242 678 noti-

1236 689 1307 718 tiam
1335 688 1455 717 facilius
1482 693 1563 718 certe
1594 689 1764 728 exspectari
1792 694 1887 718 aetate
1913 690 1988 728 Cyri
2016 695 2046 719 et
2069 691 2239 730 Babylone,

1237 731 1310 761 urbe
1333 735 1502 760 mercatura
1525 731 1757 767 florentissima,
1793 741 1883 769 quam
1907 732 2000 769 ipsius
2023 733 2138 762 Jesaiae
2161 738 2242 762 tem-

1234 784 1307 813 pore
1331 774 1364 802 in
1385 773 1572 803 Palaestinae
1593 774 1780 802 recessibus:
1808 773 1845 801 de
1860 774 1984 803 nomine
1999 776 2097 813 gentis
2112 776 2241 804 lectores

1233 827 1382 846 memores
1401 826 1464 845 esse
1478 817 1568 845 iubeo
1581 838 1588 852 ‚
1619 826 1683 844 non
1699 816 1789 845 aliam
1805 825 1895 854 quam
1909 815 1988 845 hanc
2007 818 2241 856 appellationem

1234 860 1266 888 in
1284 865 1347 889 tote
1371 859 1501 888 Oriente
1517 859 1650 889 valuisse
1666 857 1716 897 †).

1322 935 1466 995 ΠξζΞὌ,
1491 952 1573 980 Dan.
1595 951 1656 987 111,
1678 959 1714 979 10
1739 950 1894 979 ebethibh
1915 961 1970 990 pro
1985 954 2121 996 53:22⁷an
2137 961 2168 990 q.
2187 961 2218 981 v.

1628 1017 1841 1030 ——onQnQ—

1317 1048 1408 1097 *2¹0
1439 1059 1519 1088 med.
1543 1059 1622 1096 Jod,
1661 1066 1813 1096 aestuare,
1845 1058 2050 1100 effervescere,
2090 1058 2132 1088 cf.
2157 1058 2239 1088 arab.

1228 1116 1282 1173 JLJ„
1308 1127 1389 1155 med.
1413 1127 1481 1154 Vav
1511 1126 1656 1162 assilivit,
1694 1126 1835 1155 efferbuit
1862 1127 1988 1163 vinum,
2024 1127 2087 1163 ira,
2128 1126 2239 1162 febris3

1232 1177 1320 1248 pebr.
1348 1178 1422 1220 'at-{in
1445 1182 1476 1206 et
1498 1179 1573 1220 -ῚΝ-ιῤ
1596 1177 1811 1213 fermentavit,
1849 1185 1899 1217 φῆ
1928 1183 2084 1215 aestuare,
2114 1176 2240 1217 giilzren.

1250 1220 1308 1248 nde

1321 1269 1394 1316 '¹2³0‘
1429 1288 1470 1306 m.
1494 1277 1558 1306 Jer.
1585 1277 1611 1314 1,
1641 1277 1696 1314 13,
1728 1282 1757 1306 et
1780 1277 1804 1306 f.
1826 1286 1843 1306 2
1860 1278 1935 1316 Reg.
1962 1277 2020 1312 lv,
2044 1276 2097 1305 38.
2124 1274 2238 1305 Ezech.

1235 1319 1363 1356 XXIV,
1387 1319 1404 1347 6
1450 1318 1477 1357 1)
1510 1318 1591 1356 olla,
1632 1319 1669 1348 ab
1700 1319 1866 1348 aestuando
1901 1325 1931 1348 et
1955 1319 2131 1348 ebulliendo
2162 1318 2241 1346 dicta

1235 1371 1252 1390 2
1271 1363 1348 1401 Reg.
1371 1362 1428 1397 IV,
1447 1362 1486 1390 38
1501 1372 1567 1400 sqq.
1598 1362 1665 1390 Iob.
1683 1362 1771 1397 XLI,
1787 1363 1839 1390 23.
1866 1361 1962 1390 Mich.
1980 1362 2041 1397 111,
2058 1361 2088 1389 3.
2107 1361 2162 1390 Ez.
2180 1359 2240 1395 XI,

1236 1405 1267 1433 3.
1288 1414 1316 1440 7.
1341 1405 1462 1439 XXIV,
1490 1405 1520 1432 3.
1546 1403 1576 1432 6.
1624 1403 1720 1447 *sinat-r
1745 1411 1804 1442 φρ
1829 1403 1889 1431 olla
1912 1413 2001 1432 carne
2026 1404 2116 1441 plena
2137 1402 2239 1431 Exod.

1235 1447 1325 1481 XVI,
1349 1447 1380 1474 3.
1426 1453 1500 1486 meg
1524 1452 1582 1485 νζ)
1605 1446 1665 1474 olla
1688 1445 1807 1474 sufflata
1829 1445 1849 1473 i.
1869 1455 1898 1474 e.
1923 1455 2015 1484 super
2031 1446 2099 1484 igne
2120 1444 2242 1473 sufflato

1235 1493 1373 1518 aestuans
1396 1489 1459 1517 Jer.
1478 1489 1505 1524 I,
1528 1489 1563 1516 13
1576 1510 1583 1524 ,
1618 1488 1671 1516 ubi
1687 1488 1745 1516 olla
1760 1493 1899 1516 aestuans
1916 1498 1933 1516 a
1948 1488 2154 1526 septentrione
2169 1496 2243 1526 pro-

1235 1531 1364 1570 spiciens
1379 1540 1467 1559 saeva
1483 1531 1561 1559 bella
1576 1530 1722 1569 significat
1738 1541 1753 1558 a
1769 1530 1974 1568 septentrione
1988 1530 2160 1569 ingruentia
2180 1528 2241 1568 (cf.

1236 1574 1276 1602 A.
1299 1573 1416 1602 Schult.
1432 1573 1466 1601 ad
1488 1574 1581 1602 Ham.
1600 1583 1629 1611 p.
1647 1573 1721 1601 453.
1748 1573 1854 1611 Origg.
1876 1572 1963 1602 hebr.
1982 1573 2009 1609 I,
2027 1582 2045 1601 2
2064 1571 2094 1609 ξ.
2111 1571 2184 1611 27).
2201 1587 2243 1593 -·

1235 1617 1288 1645 Ps.
1312 1617 1389 1652 LX,
1416 1623 1472 1645 10:
1508 1622 1595 1655 *xi-m
1627 1622 1684 1654 *JVQ
1706 1618 1786 1659 :tss'w
1813 1613 1911 1644 Moab
1934 1615 1992 1644 erit
2017 1613 2079 1644 olla
2100 1625 2125 1643 s.
2149 1613 2243 1654 pelvis

1239 1657 1355 1688 lotionis
1383 1669 1482 1695 meae,
1526 1658 1705 1687 malluvium
1730 1668 1833 1687 meum
1857 1657 1937 1697 (nisi
1961 1658 2042 1687 torte
2065 1662 2110 1686 est
2132 1656 2244 1686 latrina

1237 1712 1292 1741 pro
1316 1701 1481 1737 lavatrina,
1506 1701 1589 1730 arab.
1621 1700 1673 1733 »1.Σῖ
1702 1716 1796 1744 2233,
1819 1699 1946 1730 honeste
1968 1700 2047 1729 dieta
2062 1710 2079 1729 a
2094 1697 2241 1738 lavando)

1240 1752 1414 1781 contemtim
1439 1762 1513 1790 pro:
1554 1761 1590 1780 eo
1611 1757 1679 1780 utar
1704 1762 1760 1780 ceu
1782 1751 1928 1780 vilissimo
1951 1751 2087 1780 vasculo.
2134 1750 2242 1779 Pesch.

1236 1797 1285 1824 M.
1315 1801 1357 1822 est
1391 1793 1462 1823 lotio
1487 1793 1591 1833 pedum
1620 1805 1767 1830 meorum,
1802 1793 1879 1822 mihi
1901 1793 1992 1832 pedes
2014 1794 2126 1822 lavabit
2149 1793 2244 1822 instar

1236 1837 1390 1875 mancipii.
1439 1836 1552 1875 (Quod
1584 1837 1719 1865 Drusius
1751 1837 1882 1865 contulit
1913 1836 1965 1864 lat.
1996 1835 2108 1865 matula
2141 1835 2241 1864 Plaut.

1236 1880 1327 1909 huius
1351 1879 1409 1907 loci
1433 1890 1494 1908 non
1511 1883 1568 1908 est.
1615 1880 1685 1908 Hoc
1706 1879 1786 1908 enim
1806 1879 1842 1907 de
1861 1878 1985 1907 homine
2003 1877 2106 1908 simido
2121 1878 2244 1915 dicitur,

1237 1929 1266 1951 et
1280 1923 1414 1961 pertinet
1427 1923 1463 1950 ad
1482 1922 1665 1950 locutionem
1690 1923 1744 1950 Ez.
1763 1922 1836 1957 VII,
1861 1930 1909 1958 17.
1934 1921 2024 1956 XXI,
2047 1929 2082 1948 12
2108 1920 2241 1955 obviam,

1237 1966 1273 1994 de
1291 1975 1349 2003 qua
1370 1975 1401 1993 v.
1419 1975 1487 2003 pag.
1503 1965 1564 2001 378
1580 1964 1604 1992 B
1622 1964 1679 1993 inf.
1693 1963 1715 2001 ).
1747 1980 1787 1985 —-
1832 1964 1920 1992 Plur.
1942 1966 2036 1999 17⁵?le
2057 1960 2150 1997 ollae,
2178 1971 2243 1990 sao·-

1236 2009 1305 2047 pius
1334 2011 1544 2036 memorantur
1565 2006 1596 2034 in
1618 2006 1696 2035 vasis
1720 2006 1841 2036 sacrarii
1865 2005 1966 2034 Exod.
1995 2004 2182 2040 XXXVIII,
2209 2004 2240 2032 3.

270 2149 288 2175 ⁶)
316 2151 414 2175 Lassen
435 2150 583 2181 (Zeitschr.
608 2153 626 2177 l.
645 2161 667 2177 e.
696 2161 719 2185 p.
739 2153 810 2181 34):
838 2153 907 2178 Aber
926 2153 1025 2177 hiemm
1052 2152 1213 2183 abgesehen,
1247 2152 1319 2181 mage
1348 2157 1375 2174 cs
1401 2148 1528 2180 vorliinfig
1556 2148 1657 2173 erlaubt
1677 2156 1759 2181 scyri,
1792 2149 1853 2180 jcne
1877 2147 2043 2179 Behauptnng
2066 2155 2094 2170 so
2117 2147 2190 2178 lange
2211 2155 2243 2171 zu

168 2185 337 2210 hvzwviseln.
366 2186 404 2209 bis
423 2187 601 2215 griindlichere
624 2188 738 2211 Beweise
760 2188 834 2211 ‹laffir
854 2188 985 2218 angefiihct
1007 2187 1080 2217 sind,
1106 2187 1144 2210 als
1166 2186 1256 2209 nackte
1270 2185 1505 2214 Versiclierungen.

1544 2183 1620 2213 Foigt
1640 2184 1704 2207 dcun
1726 2191 1771 2207 aus
1793 2184 1848 2207 dvm
1870 2183 1973 2206 sriihorn
1989 2181 2244 2214 N'ichtlwkanntsryn

168 2220 212 2243 <les
239 2219 347 2243 Numi-ns
379 2220 418 2243 bei
443 2220 554 2245 sreiudcu
583 2221 694 2246 Vtilkern
725 2223 788 2246 auch
816 2222 860 2245 das
885 2221 1172 2247 Nichlvorhaudvnsevn
1202 2221 1224 2243 in
1252 2220 1307 2243 dem
1334 2220 1424 2250 cignea
1452 2218 1555 2242 Laude?
1588 2217 1657 2241 Nat-li
1686 2218 1740 2241 dem
1769 2217 1861 2242 Kaisar
1887 2216 2057 2245 wau-mag
2082 2217 2170 2240 wurde
2198 2217 2243 2240 das

168 2254 330 2277 chiucsisrhe
351 2254 428 2278 Its-ich
449 2255 612 2280 bekanntlich
633 2257 658 2280 in
678 2257 746 2280 vivlv
768 2257 881 2280 kleincrc
903 2257 1003 2280 siaaten
1025 2247 1149 2286 gethem:
1176 2256 1243 2279 1122
1262 2262 1287 2278 ν.
1313 2253 1375 2278 Chr.
1397 2252 1428 2277 G.

1105 2289 1154 2313 liat
1185 2296 1234 2312 nun
1255 2289 1345 2312 koincr
1369 2288 1454 2311 dim-r
1474 2286 1568 2311 Numen
1588 2287 1633 2310 init
1656 2287 1710 2310 dvm
1730 2287 1833 2319 spiitern
1857 2287 1932 2311 lesin
1952 2289 2033 2309 etuas
2054 2293 2086 2309 zu
2110 2285 2243 2309 scham-n?

170 2290 244 2317 ΤΛ-γ’,
280 2289 335 2312 vino
362 2289 408 2312 ‹lvr-
436 2291 529 2321 Tchin,
559 2291 615 2315 vinc
648 2291 694 2315 der
722 2293 799 2323 Tsiu,
836 2291 892 2315 eine
919 2291 964 2315 det·
986 2291 1058 2321 Τςίη.

1458 2253 1508 2276 und
1529 2253 1552 2276 in
1575 2252 1663 2275 diesen
1683 2252 1789 2276 Sta-'ileu
1810 2252 1891 2275 finden
1910 2252 1959 2275 wir
1977 2251 2032 2275 eine
2053 2251 2179 2284 Dynastie
2199 2251 2244 2275 der

169 2323 234 2347 hnc<
255 2323 294 2346 die
316 2323 443 2347 (lhinesen
464 2325 593 2349 diem-lbcn
614 2325 708 2349 Numen
729 2334 761 2349 zu
780 2325 978 2349 verschiedonei
998 2324 1087 2348 Zenon
1106 2324 1150 2347 mit
1170 2323 1372 2346 wrschivdenen
1394 2322 1568 2345 eharnctoren
1588 2321 1740 2352 schreiben,
1770 2321 1832 2344 uird
1850 2320 1927 2351 jeder
1947 2327 2085 2351 gcnngsam
2107 2328 2138 2344 zu
2159 2320 2244 2343 scinci·

170 2357 234 2387 Qua!
255 2357 374 2381 erratu-en
399 2357 496 2389 haben,
526 2360 571 2384 dor
593 2361 645 2384 sich
667 2361 707 2384 mii
725 2360 908 2384 Chinesischcr
927 2359 1080 2390 Gmgraphie
1100 2358 1255 2387 boschiistigt
1271 2357 1322 2381 hat.

1362 2356 1467 2380 Waruui
1484 2356 1550 2379 kann
1567 2355 1656 2379 keiner
1671 2355 1748 2387 jem-r
1769 2355 1851 2379 'alteru
1868 2354 1962 2379 Samen
1983 2355 2046 2379 nai-h
2066 2355 2120 2378 dem
2134 2353 2243 2378 W'cstcn

169 2392 314 2421 gekounneu
335 2393 416 2425 seyn?
445 2394 515 2417 Odor
533 2395 604 2419 hatte
627 2394 707 2419 China
726 2403 774 2418 vor
795 2395 842 2418 ‹li-n
863 2395 938 2419 Thu„
956 2394 1045 2417 keini-n
1066 2392 1164 2416 Ilandel
1183 2392 1228 2415 ιιιίι
1249 2391 1303 2415 dem
1323 2390 1450 2415 IVesu-n?

272 2439 299 2469 '')
326 2440 424 2470 „Danu
445 2441 545 2466 kssnnvn
565 2451 613 2467 nur
633 2443 672 2467 die
693 2442 820 2467 Chinesen
833 2462 839 2474 ‚
862 2442 927 2467 kann
948 2449 990 2465 iur
1009 2440 1090 2465 China
1109 2440 1219 2471 gemeint
1239 2447 1316 2471 seyn;
1348 2438 1398 2462 und
1418 2445 1510 2461 ansere
1531 2437 1612 2462 Stelle
1632 2437 1733 2461 schciut
1752 2445 1831 2468 gegcn
1852 2437 1891 2461 (lie
1911 2436 2050 2468 Abiciiung
2068 2435 2112 2460 des
2132 2434 2243 2461 Numi-ns

170 2481 219 2497 von
240 2474 285 2497 der
304 2475 354 2498 scit
375 2475 429 2499 dem
448 2475 511 2500 Jahr
531 2476 581 2502 246
604 2485 628 2501 v.
650 2478 712 2502 Chr.
733 2478 899 2508 regiercnden
922 2476 1041 2509 Dynastie
1062 2476 1138 2499 Thsin
1160 2482 1191 2498 zu
1211 2473 1380 2498 bcweisen⁴‘.

274 2521 310 2551 ““”)
341 2522 392 2546 Hoc
414 2524 468 2548 fiori
489 2526 621 2556 putuisse,
650 2526 702 2558 ipsc
724 2526 808 2550 fassus
831 2529 871 2550 est
892 2525 1007 2549 Renusat
1034 2524 1050 2547 l.
1075 2531 1097 2547 c.

1419 2472 1506 2503 llitzig
1527 2472 1558 2496 ad
1577 2472 1632 2496 Jcs.
1654 2472 1670 2496 l.
1693 2480 1715 2496 c.

272 2569 300 2599 ·Ξ-)
330 2570 373 2593 list
396 2572 493 2602 quial-¹¹11
517 2574 581 2605 apud
603 2573 717 2598 Gran-vos
738 2579 763 2598 vt
783 2573 908 2598 Romanos
936 2572 1019 2604 jvirg.
1041 2572 1102 2596 Hor.
1124 2571 1189 2595 Plin.
1211 2570 1243 2596 6,
1265 2571 1306 2594 17.
1335 2569 1443 2594 Ptolem.
1457 2571 1482 2600 7,
1500 2570 1534 2597 2)
1563 2568 1631 2592 aliu-1
1653 2568 1735 2598 gentis
1756 2572 1893 2600 terraeque
1914 2574 2017 2598 nomen,
2044 2567 2126 2597 Seres,
2147 2566 2244 2597 serica,

173 2605 395 2635 septentrionalem
424 2607 524 2637 propriu
551 2608 647 2640 impl-rii
675 2609 753 2633 sinici
780 2613 877 2641 partem
905 2608 1036 2638 designans
1066 2609 1091 2630 et
1118 2606 1274 2636 bombycinae
1294 2605 1431 2628 venditore:
1451 2603 1596 2633 significans
1618 2609 1643 2633 <a
1663 2610 1703 2626 vc.
1725 2602 1849 2626 Coi-censi
1867 2604 1901 2627 sir
1921 2601 2046 2634 bombyx,
2077 2601 2126 2624 sia.
2146 2600 2242 2632 sec-st),

172 2650 251 2674 ⁵1¹¹(1')
273 2646 306 2670 i(l-
336 2648 466 2672 mssssdsch.
495 2651 590 2682 εὲνμὴῦ,
617 2652 726 2681 mongol.
751 2653 844 2683 sstkek,
869 2658 936 2683 pers.
956 2657 1026 2688 εἰμι,
1062 2648 1126 2672 unde
1150 2647 1221 2671 arab.
1240 2654 1334 2685 df«,
1362 2643 1452 2684 Kisa,
1490 2653 1528 2676 gr.
1553 2644 1621 2677 σήρ,
1645 2645 1679 2669 cf.
1701 2653 1769 2671 russ.
1790 2646 1876 2676 elielk.
1906 2645 1974 2676 angl.
1996 2643 2079 2674 silk),
2111 2643 2176 2675 quod
2199 2650 2244 2675 per

173 2689 301 2720 Scythiam
326 2694 349 2713 ct
372 2690 514 2715 Armeniam
536 2694 564 2717 uc]
591 2693 704 2718 Graecos
725 2686 872 2727 pervenisse
891 2693 1003 2721 vidriur,
1036 2691 1138 2715 Somitis
1161 2696 1222 2713 vero
1246 2696 1383 2721 corumque
1410 2689 1502 2712 vicinis
1529 2696 1633 2719 prorsus
1663 2689 1773 2717 ignotum
1794 2692 1841 2713 cst.
