2423 3074
593 191 703 239 naq-*Q
727 202 743 217 ,γ
774 195 780 199 ·

136 298 211 316 mum
234 283 382 315 descendit
403 283 532 314 Illanna.
578 283 679 323 Neque
699 284 773 311 enim
789 281 892 319 incipit
907 279 1069 309 Sabbatum
1087 282 1146 310 nisi

136 328 320 360 occumbente
341 326 403 357 sole
415 334 481 366 post
495 325 582 355 Sinai
596 327 624 354 in
643 333 806 354 extremum
821 323 990 353 Occidentis
1005 322 1144 362 gradum,

136 370 211 401 unde
223 378 326 411 postca
342 370 394 398 sub
410 377 489 398 terra
504 367 656 398 occultans
669 365 860 407 progreditur
877 365 916 394 ml
935 366 1047 401 Sinam,
1073 378 1146 405 quae

136 422 177 442 est
207 414 386 454 principium
410 411 491 442 orbis
519 419 682 439 terrarum:
721 411 764 438 ila
785 416 814 438 ut
836 410 866 437 in
887 408 961 437 Sina
985 407 1145 437 Sabbatum

137 455 256 485 dicatur
270 455 432 485 octodecim
449 453 559 482 demum
577 452 658 481 horis
673 459 741 492 post
756 459 864 493 ferram
882 450 1016 480 lsrarlis.
1050 451 1146 479 Terra.

138 500 210 527 enim
233 497 357 527 Isra'e'lis
378 504 420 526 est
442 497 472 524 in
492 495 586 524 medio
609 495 694 531 orbe,
727 493 802 522 unde
824 506 907 534 quum
932 492 1078 522 IsrnFliris
1099 492 1146 523 sol

137 540 247 570 occidit
260 563 268 577 ‚
299 548 357 568 ium
376 545 418 567 est
433 538 530 567 media
556 549 620 567 nox
638 536 825 574 Sinensibus,
855 545 879 565 et
896 535 1031 565 meridies
1050 543 1145 565 ier-rae

137 581 261 612 Israzlis
288 589 330 610 est
360 580 531 610 Sinensibus
560 591 682 609 occasus
713 578 795 609 εοῖἱς.
836 597 873 600 ——
920 579 1011 617 Apud
1039 576 1145 607 Per-sus

137 626 226 654 sinae
237 625 351 653 mentio
366 629 411 653 est
426 624 458 652 in
468 623 673 653 Bundchesch
688 622 811 651 nomine
825 621 1021 650 Tschinestan
1035 621 1145 659 (Zend-

137 668 252 696 Avesta
278 667 321 703 ΙΙ,
346 678 377 706 p.
405 667 462 695 381
489 666 600 704 Pau),
634 669 663 693 et
687 670 791 703 postea
809 665 845 692 de
862 675 894 693 ea
910 664 997 692 multi
1023 668 1094 691 sunt
1115 664 1145 691 in

137 709 264 740 historia
286 710 420 748 mythica
433 730 441 744 ,
472 719 504 738 v.
522 707 711 737 Schalmame
728 717 806 736 vers.
832 706 911 745 angl.
928 707 977 735 ed.
995 706 1146 734 Atkinson

139 762 171 792 p.
194 753 255 789 275
277 762 344 790 sqq.
371 756 402 780 et
422 761 497 789 quae
521 761 560 779 ex
586 750 777 778 Mirkhondo
801 750 955 787 excerpsit
969 748 1152 777 d’Herbelot

138 805 169 824 v.
197 795 262 824 Sin.
309 794 454 822 Scribunt
478 793 521 822 illi
543 806 617 836 φρ
643 792 744 832 (quod
765 792 802 820 ad
826 792 987 830 genuinam
1008 791 1151 829 scriptio-

139 855 209 874 nem
239 845 367 884 propius
397 844 551 882 accedit),
597 849 627 872 et
656 844 725 872 inde
750 843 943 881 distinguunt
975 844 1085 885 03:73&
1123 853 1149 871 s.

138 896 266 938 φρὶξ.»
288 894 393 924 Sinam
411 905 568 933 magnam,
600 905 690 932 quam
710 895 740 922 in
757 894 879 923 australi
896 893 1152 932 partecollocant

140 951 171 975 et
201 947 300 975 decies
329 945 475 974 maiorem
506 955 596 983 quam
627 946 729 973 Sinam
758 945 911 983 propriam
938 955 1002 973 esse
1033 944 1150 973 dicunt.

139 989 181 1017 V.
207 989 327 1017 Assem.
361 991 392 1015 et
417 987 608 1016 d’Herbelot
632 988 665 1016 ll.
693 997 739 1016 cc.
793 987 913 1016 Abdall.
939 988 1074 1016 Beidawi
1101 997 1150 1025 ap.

138 1029 308 1060 Misslerum
332 1029 354 1057 l.
378 1039 406 1057 c.
431 1040 498 1069 pag.
525 1041 555 1069 9.
582 1047 621 1052 —
659 1031 753 1068 Apud
775 1029 867 1058 Indos
892 1030 963 1058 Sina
978 1029 1153 1058 sanseritice

140 1091 287 1120 scribitur
321 1072 425 1136 ῆῆἷῐ
452 1077 527 1119 Cina
541 1100 566 1118 s.
581 1088 714 1118 Tschina
729 1088 774 1128 (v.
787 1089 913 1118 Wilson
928 1099 959 1127 p.
971 1089 1032 1127 309
1043 1088 1091 1116 ed.
1108 1085 1151 1126 1),

140 1150 266 1179 malaice
295 1164 387 1194 φς>,
425 1149 507 1189 quod
533 1149 638 1178 itidem
666 1147 784 1177 ischina
812 1148 1035 1187 pronunciant,
1073 1147 1155 1176 unde

153 1210 160 1220 Ι
935 1207 942 1218 Ι

144 1224 313 1268 Οίηαηςιιῖεα
334 1237 452 1266 pannus
475 1226 610 1255 Sinensis
633 1225 655 1254 i.
684 1235 711 1253 e.
736 1224 893 1260 Sericum,
928 1223 1155 1263 Cinancurpilra

142 1269 305 1307 camphora
336 1269 489 1304 Sinensis,
527 1269 653 1306 eiusque
686 1267 812 1305 vestigia
846 1267 903 1295 iam
936 1267 1156 1305 antiquissimis

142 1311 332 1349 temporibus
355 1316 543 1350 comparent.
591 1312 627 1339 In
651 1310 767 1349 legibus
791 1310 886 1338 Manu
917 1309 986 1346 (X,
1011 1310 1073 1347 44)
1097 1319 1157 1337 una

144 1363 214 1382 cum
239 1354 455 1382 Javanensibus
479 1351 666 1389 (Giaecis),
699 1351 837 1389 Scythis,
863 1352 983 1380 Parthis
1006 1357 1064 1380 cet.
1090 1361 1155 1379 me—

144 1401 302 1424 morantur
326 1395 494 1429 Tsclu‘nas,
527 1405 603 1432 quos
632 1395 774 1421 Sinenses
798 1404 862 1422 esse
878 1394 1027 1422 Indorum
1043 1394 1156 1422 eruditi

145 1447 208 1466 uno
233 1448 286 1466 ore
308 1441 460 1466 testantur
488 1436 533 1473 ²‘);
573 1436 724 1473 iidemque
757 1439 887 1473 utroque
913 1437 1045 1468 carmine
1069 1436 1155 1473 epico

146 1481 178 1508 in
200 1480 320 1518 populis
343 1490 359 1508 a
385 1479 593 1516 septentrione
626 1483 655 1506 et
679 1477 797 1505 oriente
823 1478 927 1505 Indiae
952 1478 1156 1506 habitantibus

144 1521 524 1561 memoranturfmlahab.
542 1521 601 1555 111,
626 1520 737 1548 12530.
772 1519 812 1554 V,
831 1520 926 1555 2730.
956 1520 1075 1557 Ramaj.
1095 1520 1152 1555 IV,

145 1575 176 1593 v.
204 1566 337 1595 LAsstu
366 1565 512 1593 instituit.
533 1563 723 1597 Pracrnicas,
747 1562 876 1599 append.
900 1573 930 1601 p.
956 1563 1007 1591 24.
1032 1561 1091 1600 69,
1127 1566 1157 1590 et

146 1608 276 1636 eundem
306 1606 383 1636 iiber
411 1607 460 1635 die
489 1605 691 1634 altindischen
720 1603 856 1640 Vfflker,
901 1604 1082 1633 Zeitsthrift
1105 1603 1158 1633 fiir

145 1650 261 1679 Kunde
279 1650 330 1678 des
346 1649 578 1687 Morgenlandes
593 1648 636 1684 ΙΙ,
658 1657 689 1685 p.
707 1647 742 1675 31
763 1646 869 1685 sqq.):
901 1647 948 1675 fac
967 1652 1085 1682 autem,
1110 1646 1158 1674 his

146 1703 207 1723 non
223 1693 322 1729 Sinas,
347 1693 399 1722 sed
414 1692 521 1720 Indiae
535 1689 780 1731 septentrionalis
795 1690 944 1729 populum
960 1690 1086 1719 indicari
1103 1688 1157 1729 **),

250 1828 270 1860 ’)
297 1827 362 1853 Vide
384 1830 459 1854 Iones
478 1827 596 1852 discours
618 1834 664 1851 sur
681 1826 720 1850 les
741 1825 862 1854 Chinois.

148 1899 190 1922 ed.
210 1897 350 1922 Loiseleur
369 1897 588 1929 Deslongchainps
601 1915 607 1927 ,
631 1905 655 1929 p.
670 1895 754 1925 378):

1137 177 1225 224 949

901 1826 925 1850 in
946 1824 1109 1850 Recherches
1128 1825 1265 1858 asiatiques
1285 1824 1327 1856 11,
1349 1833 1374 1858 p.
1394 1824 1445 1851 406
1465 1834 1519 1859 sqq.

148 1863 247 1893 exteri,
276 1863 326 1887 orti
345 1863 382 1886 illi
402 1870 434 1886 ex
454 1862 551 1886 ordinis
571 1861 690 1886 militaris
710 1860 889 1894 (Hschatrya)
912 1860 1036 1891 familiis,
1066 1867 1130 1893 quae
1150 1861 1242 1885 sensim
1260 1868 1275 1884 a
1289 1860 1374 1893 prisca
1392 1860 1448 1891 lege
1468 1861 1635 1886 desciverint.
1672 1861 1758 1886 Verba
1776 1862 1877 1892 integra
1900 1864 1959 1884 sunt
1989 1861 2023 1891 (v

1665 191 1777 238 who.

1212 281 1327 310 accedit
1345 281 1490 310 libroruin
1508 282 1779 311 Bnddhisticorum
1793 283 1972 320 auctoritas,
1997 295 2126 323 qnorum
2145 286 2220 315 adeo

1214 324 1308 353 Sinici
1326 324 1506 362 interpretes
1521 330 1679 353 servarunt
1702 325 1830 354 formam
1851 325 2014 356 Tsclti-na
2033 327 2094 365 (vel
2113 328 2222 357 'I'sclzi-

1214 365 1269 406 ηό)
1295 367 1414 395 duobus
1438 367 1531 404 signis
1551 368 1690 405 scriptam
1714 367 1795 396 hunc
1813 368 1845 396 in
1864 369 1988 398 modum
2011 369 2071 409 (de
2086 371 2222 410 Guignes

1213 420 1265 438 no.
1286 410 1380 446 3718.
1405 408 1510 447 3356)

1569 472 2008 656 aar

1217 697 1269 738 (v.
1288 698 1439 737 Klaproth
1455 709 1508 728 sur
1524 699 1566 727 les
1584 710 1671 728 noms
1687 701 1723 728 dc
1740 700 1768 728 la
1785 700 1885 729 Chine
1897 723 1904 737 ‚
1929 701 2054 730 Journal
2073 702 2170 731 Asiat.
2192 703 2223 731 X

1216 751 1247 779 p.
1271 742 1310 770 53
1330 752 1396 779 sqq.
1428 741 1499 769 Asia
1522 742 1691 780 Polyglotta
1712 753 1742 780 p.
1760 743 1832 771 358.
1874 744 2007 779 Lassen,
2037 745 2188 774 Zeitschr.
2211 746 2222 774 1

1216 794 1247 822 p.
1265 784 1338 822 32).
1385 784 1497 812 lisdem
1519 783 1738 814 Illalzdtsclzina
1766 795 1792 814 s.
1817 783 1892 814 Sina
1915 797 2024 825 magna
2043 787 2080 816 de
2102 788 2224 817 australi

1217 826 1309 855 huius
1324 827 1410 865 regni
1425 832 1510 865 parte
1527 827 1751 866 frequentatur.

1302 877 1352 905 De
1361 877 1476 915 origine
1487 878 1544 905 iam
1556 883 1584 906 et
1595 878 1720 907 historia
1732 878 1865 906 nominis
1876 879 2059 916 quaesituris
2068 879 2157 908 nobie
2167 879 2226 908 hoc

1217 925 1286 948 ante
1302 920 1404 948 onmia
1423 921 1615 958 exploratum
1632 921 1754 949 videtur
1769 920 1970 958 omnibusque
1992 922 2151 960 probatum
2169 927 2224 958 est,

1217 968 1344 990 cunctos
1359 972 1434 1000 quos
1454 964 1661 992 recensuimus
1676 963 1804 1001 populos
1820 962 1879 990 hoc
1897 973 2008 991 nomen
2029 974 2091 992 non
2107 965 2227 994 aliunde

1217 1015 1307 1043 quam
1323 1005 1359 1033 ab
1375 1005 1460 1033 Indis
1484 1006 1647 1044 accepisse.
1666 1005 1801 1034 Beidawi
1813 1005 1874 1033 l.c.
1896 1004 2058 1041 „Sinenses
2078 1007 2107 1034 in
2126 1005 2228 1045 lingua

1217 1083 1271 1100 sua
1285 1080 1393 1101 terram
1403 1070 1531 1111 (Sinam)
1541 1071 1695 1113 appellant
1711 1057 1889 1122 015,ρὲ
1901 1099 1912 1116 ,
1935 1085 2013 1116 &2³
2039 1086 2133 1122 ΟΡ
2158 1073 2226 1113 “”“),

1218 1121 1342 1162 Mogoli
1375 1125 1524 1167 &fil-92,
1563 1123 1660 1158 Indi
1687 1136 1780 1166 φρ,
1816 1135 1869 1153 nos
1898 1124 2050 1163 (Persae)
2084 1125 2230 1167 &33:2⁴⁶

1219 1173 1318 1212 quue
1339 1183 1389 1202 res
1411 1174 1475 1212 ipsa
1497 1174 1614 1203 suadet.
1660 1175 1738 1202 Nam
1756 1173 1832 1202 nihil
1850 1175 2027 1203 credibilius
2045 1180 2106 1211 est,
2139 1186 2230 1214 quam

1219 1216 1361 1245 Sinenses
1385 1216 1471 1245 Indis
1494 1216 1552 1245 sibi
1575 1217 1687 1245 vicinis
1701 1221 1731 1245 et
1746 1217 1942 1245 conterminis
1959 1218 2044 1255 prius
2059 1228 2148 1256 quam
2165 1218 2230 1246 aliis

1219 1258 1342 1297 populis
1380 1259 1568 1288 innotuisse:
1608 1260 1688 1298 apud
1727 1258 1784 1287 hos
1820 1260 2028 1297 antiquissima
2057 1261 2230 1289 testimonia

1219 1301 1416 1339 reperiuntur
1448 1300 1502 1340 (v.
1527 1300 1662 1341 supra):
1701 1302 1819 1330 accedit
1849 1302 1929 1339 quod
1957 1312 1995 1330 ex
2020 1303 2142 1332 Indicae
2169 1303 2229 1331 lin-

1219 1354 1295 1382 guae
1325 1343 1427 1372 forma
1457 1343 1592 1382 reliquae
1622 1344 1738 1372 formae
1761 1349 1903 1381 tanquam
1917 1354 1946 1373 ,e
1968 1345 2123 1373 communi
2146 1346 2231 1375 sonte

1218 1386 1309 1414 facile
1336 1386 1527 1415 derivantur.
1573 1386 1621 1415 Ac
1646 1387 1794 1424 genuinae
1821 1386 1988 1423 scripturae
2017 1386 2155 1424 (tschina
2176 1398 2232 1426 per

1218 1426 1303 1463 isch,
1333 1424 1352 1457 c'
1379 1438 1404 1456 s.
1430 1425 1451 1456 k'
1472 1427 1620 1466 palatale)
1646 1428 1785 1466 proxima
1809 1433 1854 1456 est
1870 1429 1989 1457 Persica
2010 1442 2097 1471 ωρ,
2119 1431 2228 1467 passim

1217 1491 1311 1520 weg->3
1336 1482 1405 1520 φμὲ,
1443 1477 1546 1516 (unde
1573 1478 1661 1507 etiam
1693 1477 1819 1522 ffikae,
1846 1479 1972 1524 φμὼο)
1997 1484 2027 1508 et
2049 1478 2226 1516 τζιν-ίτζαε

1219 1544 1336 1573 abiecta
1364 1544 1546 1584 aspiratione
1578 1545 1708 1574 Semitae
1735 1546 1920 1575 recentiores
1949 1545 2120 1574 scribebant
2147 1527 2227 1592 ἑὸ,

1219 1608 1290 1637 &³0
1301 1621 1310 1637 ‚
1325 1600 1391 1634 ΓΕ,
1412 1595 1599 1633 antiquiores
1614 1606 1684 1624 cum
1704 1595 1830 1625 Graecis
1845 1603 1927 1636 n-:JQ
1950 1594 2055 1626 Σΐναιε
2076 1596 2108 1625 111
2124 1607 2229 1626 omnes

1220 1650 1337 1675 servata
1362 1645 1493 1682 dentali,
1519 1651 1625 1675 contra
1644 1647 1762 1676 abiecto
1778 1646 1868 1676 sibilo
1886 1646 1995 1675 Graeci
2011 1647 2101 1675 etiam
2122 1645 2225 1685 Θῖιάι,

1219 1689 1280 1718 nisi
1297 1688 1356 1717 hoc
1373 1689 1455 1718 aliud
1472 1698 1584 1718 nomen
1599 1694 1644 1718 est
1665 1688 1713 1730 Τ).
1759 1690 1839 1730 Ipsis
1854 1690 2030 1718 Sinensibus
2044 1691 2139 1729 gentis
2157 1701 2228 1720 suae

1562 1825 1740 1852 Reccusentur
1759 1827 1844 1858 legum
1865 1825 2041 1851 Manuicarum
2060 1825 2079 1850 l.
2101 1833 2124 1850 c.
2145 1826 2230 1857 populi

2026 1878 2032 1884 .
2054 1859 2145 1883 transl.
2167 1859 2228 1890 gall.

792 1897 825 1920 (ἴε-
845 1901 898 1920 sont
920 1899 954 1920 les
973 1896 1135 1924 Pondracns,
1162 1898 1195 1920 les
1216 1896 1315 1926 otinas,
1337 1898 1370 1920 les
1388 1897 1537 1927 Dmvfflas,
1560 1899 1594 1921 les
1615 1897 1781 1928 Cambodjas,
1807 1899 1841 1921 les
1864 1897 1985 1920 Yuvanas
2009 1893 2101 1926 [prob.
2124 1894 2229 1924 Graeci,

148 1939 367 1972 Occidentales]‚
400 1942 435 1964 les
457 1941 538 1964 Sacas
566 1938 685 1971 [Sacae‚
716 1938 865 1972 Scythae]²
897 1941 931 1963 les
947 1939 1081 1968 Pauidus,
1114 1940 1149 1962 les
1174 1939 1307 1962 Pahlawas
1332 1930 1452 1974 (Q),
1480 1946 1530 1964 Las
1550 1937 1691 1970 Tcnmss,
1721 1941 1756 1964 les
1776 1939 1898 1963 Daradas
1917 1936 2006 1978 (ibo)
2028 1942 2052 1962 et
2071 1940 2106 1962 les
2116 1938 2228 1962 Khasas.

147 1983 233 2009 Jonas
253 1982 271 2007 l.
295 1990 318 2007 c.
339 1990 364 2014 p.
383 1981 448 2008 408:
480 1982 526 2013 „it
551 1983 632 2006 seruit
658 1981 723 2006 donc
745 1981 840 2005 decisif
864 1998 942 2005 .....
974 1981 996 2004 si
1020 1988 1084 2004 nous
1112 1978 1195 2005 etions
1221 1980 1350 2010 certatus,
1384 1987 1428 2012 que
1454 1980 1479 2004 18
1499 1984 1551 2005 mot
1572 1981 1670 2006 Tchina
1690 1981 1812 2011 signifioit
1833 1981 1948 2009 Chinm's,
1977 1987 2072 2004 comme
2091 1978 2230 2003 l'assnrent

148 2016 223 2042 d'une
239 2017 300 2041 voix
319 2017 436 2040 unanime
459 2020 517 2040 tous
538 2016 575 2041 les
596 2016 718 2047 Pandits,
747 2024 795 2048 que
815 2014 862 2047 j’ai
882 2013 999 2040 consulte
1020 2013 1191 2047 separement.
1228 2014 1263 2039 us
1284 2013 1457 2046 m'affiment‚
1490 2022 1538 2047 que
1560 2015 1598 2040 les
1618 2014 1744 2039 Tschinas
1765 2016 1795 2039 de
1816 2015 1910 2040 Menon
1930 2012 2092 2038 s'etablirent
2114 2014 2176 2038 daus
2198 2022 2229 2037 un

147 2051 215 2076 beau
233 2059 297 2085 pays
318 2049 386 2076 sitne
405 2059 437 2075 au
458 2051 563 2075 nordest
583 2051 613 2075 de
637 2049 725 2075 Gaoiir
743 2054 769 2074 et
788 2049 802 2074 ῑι
822 2049 881 2074 l'est
899 2050 929 2074 de
950 2048 1086 2081 Hanaroiip
1106 2053 1132 2073 et
1150 2050 1184 2073 du
1204 2047 1302 2081 Nep-'113
1332 2047 1406 2080 qu‘ils
1431 2052 1474 2073 out
1503 2047 1544 2073 etc
1564 2049 1689 2080 longtems
1709 2053 1736 2074 ct
1755 2049 1831 2082 qu'ils
1850 2053 1909 2073 sont¹
1930 2047 2070 2073 renommes
2092 2056 2156 2080 pour
2175 2049 2230 2071 leur

150 2086 276 2110 industrie
296 2103 373 2110 .....
422 2085 460 2110 Un
488 2085 580 2110 Pandit
599 2085 657 2109 bien
678 2083 785 2109 informe
804 2083 852 2109 m'a
874 2084 920 2108 fait
938 2085 996 2108 voir
1016 2092 1048 2108 un
1069 2084 1134 2108 livre
1154 2084 1267 2108 sanserit
1285 2091 1315 2107 en
1335 2082 1494 2108 charactbres
1521 2083 1749 2117 Rachinyryenncs
1834 2084 1852 2108 il
1870 2080 1919 2108 m‘a
1944 2084 1970 2107 lu
1989 2087 2044 2107 tout
2066 2091 2098 2106 un
2115 2083 2228 2114 chapitre

150 2120 181 2144 de
201 2127 230 2144 ce
251 2120 333 2149 livre,
357 2123 514 2144 concernunt
535 2120 573 2144 les
593 2119 709 2152 opinions
731 2119 903 2143 heterodoxes
924 2119 969 2143 des
985 2117 1109 2149 Tchinas,
1130 2119 1173 2150 qui
1193 2118 1297 2143 suivant
1315 2116 1436 2149 l'auteur‚
1464 2116 1564 2143 etoient
1590 2117 1690 2143 divisis
1709 2127 1739 2143 cn
1753 2117 1819 2151 -pres
1842 2119 1872 2143 de
1893 2118 1960 2141 dem·
1980 2121 2052 2141 cents
2070 2117 2160 2141 trihus.
2198 2116 2228 2140 Je

151 2153 188 2179 lui
207 2154 233 2178 ai
251 2152 351 2178 montre
370 2162 418 2178 une
438 2158 510 2178 carte
530 2155 561 2178 de
581 2153 677 2185 1'Asie,
703 2157 730 2178 et
749 2154 853 2186 lorsque
872 2152 920 2185 j'ai
938 2153 985 2178 mis
1007 2153 1030 2177 le
1051 2153 1121 2183 doigt
1140 2161 1185 2177 sur
1204 2152 1350 2185 Hachmyr,
1380 2159 1426 2176 son
1440 2160 1504 2186 pays
1524 2153 1609 2184 natal,
1637 2153 1655 2177 il
1674 2160 1689 2177 a
1708 2154 1779 2177 aussi
1797 2154 1844 2177 mis
1864 2153 1887 2177 le
1901 2152 1956 2176 sien
1977 2160 2021 2175 sur
2040 2152 2077 2175 les
2094 2151 2228 2183 provinces

151 2188 294 2212 nordouest
313 2188 344 2212 dc
363 2188 389 2212 la
409 2188 506 2220 Chine,
534 2187 581 2220 ou,
605 2187 737 2213 m’a·t-il
757 2188 811 2219 dit,
845 2189 883 2212 les
908 2187 1013 2212 Chinois
1032 2188 1107 2212 firent
1128 2187 1186 2211 leur
1205 2187 1316 2220 premier
1334 2184 1539 2212 e'tahliswment:
1567 2187 1631 2212 mais
1652 2187 1671 2212 il
1691 2195 1707 2212 a
1725 2186 1814 2220 ajoute
1834 2195 1882 2220 qne
1903 2187 1926 2211 le
1945 2183 2141 2216 Machatchina,
2168 2185 2229 2208 dont

151 2222 171 2247 il
189 2220 254 2246 ἑῑοὶῐ
273 2223 343 2246 aussi
362 2221 432 2255 parle'
453 2223 517 2248 dans
538 2231 567 2248 ce
590 2223 672 2254 livre,
701 2221 839 2247 s'etendoit
855 2221 1004 2254 jusqu'aux
1022 2230 1089 2247 mers
1112 2222 1145 2246 du
1166 2221 1267 2246 Levant
1286 2225 1313 2245 et.
1333 2221 1367 2245 du
1387 2220 1473 2245 Sud.“

254 2255 283 2286 “”)
310 2256 450 2282 Lasseuius
471 2257 490 2282 l.
513 2266 537 2282 c.
565 2265 615 2290 qua
641 2260 681 2282 est
708 2257 939 2289 circumspectione
953 2275 960 2287 ,
995 2261 1128 2289 postquam
1149 2264 1235 2280 omnes
1254 2259 1371 2280 veterum
1391 2256 1524 2280 carminum
1543 2255 1615 2280 locos
1637 2256 1769 2286 excussit,
1790 2263 1916 2287 caussam¹
1937 2254 2045 2278 nondum
2065 2252 2228 2276 diiudicatam

153 2290 290 2322 relinquit,
316 2290 364 2314 hac
385 2291 471 2316 addita
491 2292 598 2316 notitia:
630 2292 733 2323 „Danu
754 2292 796 2316 bin
820 2291 860 2315 ich
880 2291 982 2315 belehrt
999 2292 1121 2322 worden,
1150 2291 1210 2315 dass
1230 2290 1271 2314 die
1291 2290 1471 2315 Chinesis‹hen
1492 2290 1660 2322 Geographen
1680 2291 1720 2314 ein
1742 2290 1809 2314 Yon.
1829 2290 1874 2314 der
1892 2291 1970 2313 Kinna
1988 2288 2095 2316 kennen,
2117 2286 2228 2310 welches

150 2332 200 2349 von
220 2325 301 2349 denen
323 2324 370 2348 der
388 2324 523 2350 lndischen
545 2327 645 2351 Biicher
664 2326 735 2350 nicht
754 2325 923 2350 verschicdcn
943 2325 995 2357 ist„
1017 2326 1079 2350 aber
1097 2326 1143 2350 mit
1163 2325 1211 2349 den
1233 2325 1360 2349 Chinesen
1380 2324 1459 2348 nicits
1475 2333 1508 2349 zu
1521 2324 1634 2349 schaffen
1652 2324 1729 2349 hat.“
1768 2324 1833 2355 „leh
1847 2322 1974 2347 verdanke
1987 2322 2071 2344 dieses
2085 2320 2227 2351 vorliiufige

151 2359 272 2384 Resultat
299 2358 371 2382 einer
395 2359 586 2384 ausffihrliehen
612 2361 784 2391 Abhandlung
814 2360 878 2385 iiber
906 2360 947 2384 die
971 2359 1050 2385 liinas
1070 2361 1125 2384 dem
1144 2359 1292 2391 Versasser,
1314 2359 1397 2383 Herrn
1415 2358 1520 2392 Jthuet
1541 2359 1566 2382 in
1586 2359 1676 2390 Paris,
1702 2359 1782 2382 ciuem
1802 2358 1848 2381 der
1867 2357 1980 2380 seltenen
2003 2354 2160 2385 Gestarum,
2188 2355 2228 2379 dic

152 2393 198 2418 das
220 2392 388 2418 Chinesische
411 2393 462 2417 und
481 2394 526 2418 das
548 2394 667 2419 sanskrit
687 2395 741 2419 sich
771 2395 796 2419 111
823 2394 948 2425 gleichem
972 2394 1057 2419 Grade
1086 2403 1118 2419 zu
1138 2395 1210 2425 eigen
1231 2393 1349 2425 gemacht
1373 2392 1486 2419 habe1.¹‘
1532 2393 1654 2418 Ceterum
1675 2393 1762 2417 nescio
1784 2399 1814 2415 an
1834 2391 1914 2414 omnia
1935 2390 1998 2413 bene
2019 2392 2176 2419 congruant,
2207 2389 2229 2413 si

153 2428 243 2453 Tschin
270 2427 412 2459 antiquitus
440 2430 465 2451 et
493 2431 626 2460 antequam
648 2430 672 2453 in
692 2429 806 2453 universi
826 2429 924 2461 imperii
942 2437 1031 2453 nomen
1052 2429 1151 2459 abiret,
1181 2428 1312 2453 strictiore
1332 2427 1472 2459 significatu
1491 2427 1567 2452 unius
1586 2427 1733 2460 provinciae
1751 2427 1776 2450 in
1796 2424 1997 2449 occidentalibus
2016 2423 2094 2447 Sinae
2113 2423 2229 2448 terminis

154 2462 234 2487 fuisse
254 2465 413 2490 statuamu53
434 2461 459 2485 in
478 2469 551 2493 quam
570 2463 720 2487 sententiam
741 2464 844 2487 aliunde
861 2463 940 2487 delati
960 2471 1046 2487 sumus
1069 2465 1112 2493 (v.
1134 2463 1202 2487 infra
1212 2462 1232 2489 ).

255 2495 294 2526 ''')
323 2495 388 2520 vide
409 2495 471 2519 haec
493 2503 551 2519 mox
573 2498 787 2522 accommodatius
807 2498 839 2521 ad
859 2498 1004 2522 Sinensium
1024 2498 1232 2530 orthographiam
1252 2497 1349 2530 scripta
1367 2505 1391 2529 p.
1411 2497 1462 2523 950
1476 2496 1509 2520 Α.

255 2529 285 2562 †)
314 2529 371 2555 Non
390 2529 454 2554 bene
474 2528 509 2553 ls.
529 2529 606 2555 voss.
626 2532 659 2555 ad
678 2532 771 2556 Melam
794 2531 817 2556 11
839 2540 863 2565 p.
883 2533 900 2558 8
920 2532 1091 2557 observabat:
1118 2535 1142 2557 in
1164 2538 1214 2557 1010
1241 2533 1358 2557 Sinarum
1385 2538 1459 2561 regno
1481 2530 1527 2554 hoc
1555 2536 1640 2552 nomen
1668 2529 1776 2557 ignotum
1802 2535 1868 2556 esse,
1903 2526 1952 2550 imo
1970 2534 2040 2550 mera
2057 2523 2156 2556 socium
2177 2534 2230 2550 etse

153 2565 294 2596 imperilia,
324 2569 351 2588 ut
376 2570 474 2589 uastum
501 2565 564 2588 illud
591 2566 678 2589 Serum
703 2568 831 2598 imperium
857 2568 974 2591 sinerum
998 2568 1094 2592 nomine
1122 2572 1295 2597 cognoscatur.
1332 2564 1406 2590 will.
1425 2563 1498 2587 Joncs
1526 2562 1544 2586 l.
1568 2569 1590 2585 c.
1617 2569 1640 2593 p.
1660 2561 1728 2585 402:
1760 2559 1825 2591 ..Le
1844 2563 1896 2584 mot
1917 2561 1992 2585 Chiae
2107 2564 2148 2584 est
2169 2559 2226 2583 bien

156 2606 239 2622 connu
264 2598 297 2622 du
321 2598 431 2630 peuple,
460 2605 508 2630 que
530 2606 594 2622 nous
613 2599 742 2630 appellens
763 2602 877 2626 Chinois:
897 2601 961 2624 mais
981 2601 999 2624 il
1018 2609 1049 2625 ne
1070 2599 1196 2633 l'emploie
1213 2600 1307 2632 jamais
1329 2599 1370 2630 (je
1391 2597 1461 2629 parle
1476 2597 1520 2620 des
1542 2596 1653 2619 hommes
1679 2594 1813 2623 instruits)
1833 2602 1897 2626 pour
1915 2602 1943 2618 se
1963 2592 2083 2625 designer
2100 2592 2228 2618 lui-meme

131 2638 138 2644 “
156 2640 188 2656 ⁰¹1
205 2640 270 2664 ΡῠΙῑΙ·
289 2630 409 2663 ἃᾶδὶςῑὶθῐ·
429 2640 475 2656 son
499 2632 596 2665 pays-‘⁴
635 2632 708 2664 Quod
724 2637 759 2659 A.
780 2637 900 2659 Remumt
923 2635 1011 2659 laudat
1029 2636 1087 2667 (gr.
1109 2635 1224 2659 chinoise
1242 2642 1267 2666 p.
1285 2633 1336 2663 66)
1357 2630 1513 2662 Khung-aemt
1531 2630 1579 2656 udi
1599 2630 1693 2655 Tchbin
1713 2629 1730 2653 1.
1741 2636 1764 2654 e.
1785 2628 1919 2660 Consua-iun
1939 2634 1975 2654 eu
1994 2631 2018 2653 in
2035 2634 2104 2654 terre
2124 2629 2227 2658 Tchhin,

156 2666 188 2690 ad
209 2667 366 2699 provinciam
384 2667 440 2692 eius
459 2666 586 2698 nominiS‚
607 2673 657 2691 non
679 2667 712 2691 ad
730 2668 878 2693 universum
899 2669 1032 2701 imperium
1051 2669 1175 2694 refertur.
