2423 3074
666 209 716 251 R.
748 205 817 268 2'223

232 312 283 341 Ps.
317 311 452 341 CXXII.
497 311 556 340 His
584 310 742 339 itineribus
771 320 796 339 s.
827 310 1119 349 peregrinationibus
1135 311 1234 340 *sacris

232 355 332 393 iisque
356 360 423 393 post
443 354 569 382 exilium
591 352 735 390 susceptis
758 361 820 381 non
844 353 945 392 inepta
966 358 1037 382 sunt
1059 358 1235 391 argumenta

232 397 400 426 carminum
438 395 573 424 CXXIV
602 411 644 416 —
673 394 862 431 CXXVIII,
908 396 960 424 sed
993 396 1121 424 aliorum
1156 396 1234 424 ratio

232 437 353 477 (CXX.
375 437 540 467 CXXXII.
560 435 744 476 CXXXIV)
761 436 833 466 huic
850 439 1042 466 coniecturae
1055 447 1116 466 non
1137 437 1232 474 favet,

231 481 288 509 nisi
305 481 371 518 quis
387 489 505 508 sumere
520 479 594 507 velit
609 490 627 507 a
641 480 917 517 peregrinatoribus
941 480 1031 508 sacris
1051 480 1140 508 etiam
1155 480 1234 508 anti-

231 523 337 561 quiora
352 522 497 560 quaedam
512 521 644 549 carmina
659 522 742 550 exilii
757 527 895 560 tempore
913 523 1079 560 composita
1102 521 1231 560 (CXX)

230 565 279 593 vel
301 563 575 602 quomodocunque
596 563 680 592 illius
704 565 851 603 temporis
870 564 1039 594 rationibus
1059 574 1232 593 accommo-

230 607 296 635 data
323 607 477 634 decantata
507 616 584 635 esse.
631 606 737 643 Quum
765 612 866 635 autem
896 607 927 635 in
955 612 1035 636 tanta
1062 607 1232 645 argumenti

228 649 373 677 varietate
394 648 469 677 mira
487 648 632 686 quaedam
655 649 789 686 poeticae
812 649 940 690 indolis,
978 650 1097 678 numeri
1122 649 1233 688 rhyth-

228 691 331 729 mique
347 691 521 719 communio
538 690 780 729 deprehendatur
795 696 825 720 et
839 696 943 720 mutua
959 692 1124 720 similitudo
1137 713 1145 727 ,
1170 701 1231 720 non

227 733 316 772 pauci
338 732 366 771 c)
391 733 518 764 mbss’nfl
543 741 604 765 *mv
626 733 662 761 ad
688 734 808 761 numeri
822 733 1018 772 rhythmique
1033 735 1164 763 rationes
1181 744 1233 763 re-

227 775 309 804 ferre
325 775 508 804 maluerunt.
554 776 604 804 Ex
629 775 851 813 antiquioribus
872 776 991 804 Saadias
1010 777 1117 811 Gnon,
1143 777 1233 805 Aben

226 818 301 847 Esra
316 818 427 856 aliique
441 817 546 846 Iudaei
565 827 599 845 ea
613 818 745 846 carmina
759 818 801 846 ita
817 818 895 846 dicta
912 819 1136 853 existimabant,
1163 819 1233 857 quia

227 858 345 889 elatiori
367 871 438 889 voce
462 860 617 888 decantata
636 860 716 896 sint,
741 870 831 897 quam
848 860 1025 898 opinionem
1043 862 1130 899 sequi
1146 862 1233 890 vide-

227 907 278 931 tur
300 902 396 930 Luth.
423 900 499 930 Lied
519 903 558 930 im
577 900 702 930 kaker-en
727 900 814 931 Chor.
860 904 885 931 E
904 904 1124 932 recentioribus
1140 904 1168 932 J.
1187 905 1230 932 D.

227 945 387 973 Michaelis
412 944 468 984 (ad
490 943 614 973 Lowth.
639 944 675 973 de
697 955 780 973 sacra
801 945 884 984 poe'si
901 956 932 984 p.
949 945 1030 984 511)
1055 945 1233 998 congerebat

228 1004 398 1056 cargnvinum
436 1013 530 1042 genus
566 1003 646 1042 apud
687 1004 777 1042 Syros
807 1004 951 1033 usitatum
988 1005 1071 1043 quod
1101 994 1232 1035 ῙΔΣΟΦ

212 1046 357 1104 *lu-³352?
392 1060 491 1090 scalae
512 1060 635 1091 odarum
658 1063 825 1101 appellatur
845 1064 963 1093 Assem.
981 1064 1057 1093 bibl.
1080 1064 1106 1100 I,
1128 1075 1160 1103 p.
1178 1063 1230 1101 62,

228 1113 309 1151 quod
325 1114 449 1151 quidem
464 1124 576 1142 nomen
592 1124 608 1142 a
619 1115 769 1142 scansione
785 1115 910 1143 metrica
928 1116 1056 1153 petitum
1072 1115 1228 1144 videatur:

229 1166 322 1194 quum
343 1162 443 1184 autem
456 1178 463 1192 ,
489 1166 564 1194 quae
584 1156 711 1185 istorum
727 1158 893 1185 carminum
909 1158 985 1186 ratio
1003 1157 1115 1192 fuerit,
1142 1167 1232 1196 pror-

228 1208 280 1226 sus
306 1198 482 1237 ignoretur,
518 1198 568 1226 illa
589 1198 651 1226 sola
675 1199 900 1237 comparatione
921 1209 983 1227 non
1000 1200 1128 1227 multum
1145 1200 1232 1227 iuva-

228 1250 308 1268 mur.
355 1241 584 1269 Belleimannus
617 1239 750 1277 (Metrik
780 1240 810 1268 d.
837 1241 975 1269 Hebr'aer
999 1252 1028 1279 p.
1058 1249 1115 1279 190
1141 1239 1229 1279 sqq.)

229 1282 363 1310 carmina
384 1281 537 1310 trochaica
560 1281 760 1320 intelligebat,
785 1287 815 1310 et
839 1281 902 1328 Πξι·
905 1293 926 1313 72
946 1283 1052 1321 pedem
1072 1283 1232 1311 menicum

229 1335 292 1352 esse
309 1325 448 1362 putabat,
480 1324 510 1352 in
526 1334 587 1362 quo
605 1329 694 1352 tonus
709 1335 740 1351 as
729 1325 851 1352 scentlat
868 1336 913 1363 qs.
932 1326 1017 1353 saltet
1033 1324 1095 1364 (gr.
1111 1327 1232 1363 χοοεῖος

228 1379 272 1392 =
288 1365 447 1404 τροχαῖος)
466 1366 495 1394 id
513 1371 557 1394 est
573 1367 660 1394 cuius
678 1366 787 1404 syllaba
804 1368 887 1414 piior
902 1368 992 1405 longa
1007 1368 1044 1395 sit
1062 1368 1115 1406 (cf
1135 1367 1165 1399 b
1169 1366 1230 1398 9¹:³72

229 1408 267 1437 de
289 1408 524 1447 paroxytonis):
557 1408 593 1436 ad
618 1418 707 1445 quam
730 1409 905 1447 opinionem
929 1410 1102 1438 diluendam
1128 1410 1232 1438 obser-

228 1459 314 1478 vasse
340 1450 484 1486 sufficiat,
517 1450 674 1488 prosodiae
692 1452 893 1489 metricaeque
909 1453 980 1480 aitis
1002 1458 1082 1480 ceita
1104 1452 1232 1489 vestigia

228 1492 308 1530 apud
333 1493 488 1521 Hebraeos
509 1492 621 1521 frustra
645 1493 780 1530 quaesita
803 1504 865 1522 esse
889 1493 938 1533 (v.
958 1494 995 1522 de
1014 1494 1058 1522 W
1061 1499 1120 1522 ette
1137 1488 1232 1522 Com-

227 1539 322 1563 ment.
350 1535 382 1562 in
404 1536 453 1563 Ps.
478 1534 591 1563 introd.
615 1544 667 1563 no.
693 1534 793 1573 VII),
825 1546 919 1574 eaque
939 1536 1072 1567 carmina
1097 1546 1136 1563 ex
1159 1536 1239 1573 ipsi‘x

227 1577 341 1615 legibus
370 1587 386 1605 a
418 1577 631 1606 Bellermanno
661 1578 825 1616 propositis
858 1579 966 1607 eodem
1003 1579 1069 1607 iure
1104 1578 1232 1606 iambica

227 1619 377 1657 appellare
401 1620 499 1658 possis
531 1619 582 1657 (v.
612 1619 744 1657 Ephem.
771 1620 830 1649 litt.
862 1621 934 1650 Hal.
969 1621 1047 1649 1815
1079 1630 1131 1649 n0.
1158 1623 1230 1654 11).

227 1662 437 1690 Nihilominus
453 1672 513 1689 non
530 1662 594 1691 sine
610 1663 675 1690 veri
691 1663 789 1701 specie
812 1663 997 1692 locutionem
1014 1663 1142 1694 nil-972³
1166 1670 1230 1695 ’Ῥω

228 1704 264 1732 ad
286 1705 432 1742 quandam
456 1705 574 1733 numeri
598 1704 794 1743 rhythmique
820 1707 1036 1744 proprietatem
1058 1706 1228 1741 revocabis,

229 1756 306 1784 quae
318 1747 347 1774 in
366 1745 423 1774 hoc
440 1747 606 1775 carminum
622 1747 767 1775 fasciculo
785 1748 947 1776 identidem
962 1749 1116 1786 reperitur
1139 1748 1231 1783 (licet

230 1788 319 1816 etiam
343 1789 413 1816 alibi
428 1789 554 1826 vestigia
572 1789 635 1817 eius
651 1794 790 1825 exstent,
823 1790 909 1819 velut
927 1791 957 1819 in
974 1791 1107 1819 carmine
1123 1791 1231 1818 Debo—

229 1840 281 1859 rae
305 1831 372 1859 Iud.
392 1831 432 1865 V,
458 1832 488 1859 3.
514 1833 544 1859 5.
567 1830 598 1859 6.
624 1841 654 1869 9.
684 1840 732 1860 12.
760 1841 808 1871 ¹9·
827 1841 878 1861 20.
900 1842 952 1862 21.
976 1833 1027 1861 23.
1047 1833 1098 1861 24.
1119 1842 1171 1869 27.
1189 1833 1230 1860 30

230 1872 269 1900 cf.
292 1873 352 1901 Jes.
379 1874 499 1909 XXVI,
518 1874 547 1902 5.
567 1873 624 1911 6),
655 1879 746 1912 atque
766 1875 797 1902 in
822 1885 857 1903 eo
880 1876 1035 1911 cernitur,
1062 1875 1144 1913 quod
1155 1886 1232 1913 gra-

230 1913 323 1942 [latim
340 1916 422 1953 quasi
436 1916 628 1954 progreditur
641 1917 737 1945 oratio
749 1938 756 1951 ,
782 1917 823 1945 ita
839 1918 963 1955 quidem
979 1922 1012 1946 ut
1026 1917 1231 1945 antecedentis

230 1958 395 1985 sententiae
428 1968 493 1995 pars
525 1958 561 1986 ab
591 1958 678 1985 initio
707 1959 918 1997 subsequentis
944 1960 1040 1998 repeti
1067 1964 1096 1988 et
1120 1960 1232 1998 passim

230 1999 319 2027 novis
345 1999 510 2028 verborum
540 2000 635 2038 copiis
663 2001 766 2038 augeri
793 2006 823 2029 et
843 2002 927 2040 quasi
949 2000 1104 2031 ascendere
1124 2002 1230 2030 soleat.

231 2041 272 2069 V.
291 2051 319 2069 c.
337 2042 388 2070 Ps.
407 2042 524 2077 CXXI,
546 2051 556 2069 1
575 2053 581 2069 :
606 2042 712 2070 attollo
726 2043 829 2072 oculos
843 2054 927 2073 meos
941 2045 978 2072 ad
996 2049 1132 2079 montes,
1144 2044 1232 2080 {unde

231 2083 335 2111 veniet
360 2082 508 2112 auxilium
535 2095 636 2112 meum.
687 2093 724 2113 2:
761 2085 908 2113 auxilium
936 2098 1028 2114 meum
1052 2085 1192 2125 (veniet)
1216 2096 1233 2114 a

230 2125 307 2154 Jova
333 2147 426 2154 .....
472 2126 507 2154 5;
534 2136 595 2153 11011
612 2126 690 2154 sinet
705 2131 812 2155 nutare
826 2129 935 2165 pedem
951 2133 1037 2156 tuum
1052 2149 1059 2163 ,
1089 2139 1144 2156 non
1160 2127 1233 2156 dor-

232 2166 347 2195 mitahit
368 2175 446 2196 sutor
462 2175 537 2197 inus,
583 2168 619 2196 4:
644 2179 709 2197 ecce
730 2180 786 2197 non
800 2168 939 2198 dormitat
963 2181 1014 2198 nec
1032 2169 1140 2198 dormit
1156 2177 1234 2198 tutor

231 2208 363 2238 Israelis.
410 2211 447 2239 5.
471 2209 548 2238 Jova
566 2215 611 2238 est
628 2217 708 2238 tutor
724 2218 788 2238 tuus
815 2232 906 2240 .....
942 2212 1076 2247 CXXII,
1095 2221 1130 2240 2.
1155 2217 1234 2241 stant

231 2251 322 2291 pedes
345 2253 440 2281 nostri
463 2252 493 2280 in
516 2253 611 2290 portis
626 2253 704 2289 tuis,
736 2251 968 2293 Hierosolyma!
1011 2254 1048 2281 3:
1078 2252 1104 2281 O
1122 2253 1234 2283 Hiero-

233 2292 392 2334 rosolyma,
417 2293 577 2334 aedificata
596 2314 685 2324 .....
731 2295 769 2323 4:
797 2294 941 2333 Quorsum
957 2293 1115 2323 ascendunt
1130 2295 1232 2331 tribus,

232 2335 325 2364 tribus
351 2336 450 2365 Jovae.
484 2337 635 2373 CXXIII,
651 2337 688 2365 5·
727 2338 801 2365 satis
829 2338 933 2365 satiati
957 2349 1054 2365 sumus
1080 2345 1233 2367 contemtu.

234 2379 270 2406 [ιε
295 2380 370 2407 satis
384 2379 494 2407 satiata
511 2385 554 2407 est
569 2380 668 2408 anima
686 2387 788 2408 nostra
805 2380 941 2408 irrisione
954 2378 1145 2414 insolentium,
1163 2392 1234 2409 con-

234 2427 321 2448 {emm
332 2420 551 2461 flzsluosorum.
600 2422 748 2458 CXXIV,
776 2430 810 2450 1:
844 2422 901 2450 nisi
929 2420 1005 2450 Jova
1029 2422 1153 2457 fuisset,
1185 2423 1234 2462 qui

234 2461 332 2501 adfuit
354 2462 451 2498 nobis,
487 2463 568 2492 dicat
592 2464 698 2493 Israel.
756 2472 793 2492 2:
832 2464 890 2492 nisi
915 2463 991 2492 Jova
1020 2464 1144 2500 suisset,
1184 2464 1234 2503 qui

234 2504 333 2544 adfuit
352 2505 442 2541 nobis,
460 2516 529 2534 cum
545 2511 703 2544 surgerent
717 2511 823 2535 contra
836 2516 891 2534 nos
908 2505 1056 2534 homines.
1103 2506 1120 2534 3
1134 2517 1140 2534 2
1165 2513 1233 2534 tunc

234 2547 320 2575 vivos
350 2549 543 2576 devorassent
569 2559 625 2576 nos
653 2570 681 2577 ..
697 2569 727 2577 ..
774 2549 811 2577 4:
849 2555 917 2577 runc
938 2558 1032 2586 aquae
1058 2548 1232 2576 obruissent

234 2599 291 2617 nos
317 2609 406 2618 .....
453 2590 487 2617 5:
514 2597 581 2619 tunc
602 2591 816 2619 transivissent
838 2601 929 2628 super
947 2591 1075 2618 animam
1098 2595 1232 2618 nostram

233 2641 328 2669 aquae
352 2637 519 2660 aestuosae.
559 2633 712 2669 CXXVI,
741 2642 776 2661 2:
807 2631 962 2671 praeclare
986 2631 1062 2662 Jova
1086 2633 1144 2671 egit
1168 2643 1231 2661 cum

235 2674 311 2702 istis.
357 2674 393 2701 3:
423 2673 577 2712 praeclare
591 2674 669 2704 Jova
682 2675 740 2714 egit
756 2674 924 2713 nobiscum
959 2680 1117 2714 propterea
1138 2675 1232 2703 laeta-

1211 209 1325 252 1032

1642 204 1758 271 πἐῐη
1789 234 1848 241 -
1881 207 1937 258 ³³5
1928 221 1966 269 ‚³2

1303 320 1384 340 mur.
1413 311 1562 347 CXXIX,
1586 320 1613 340 1.
1633 319 1662 340 2.
1692 311 1825 348 CXXX,
1850 312 1880 340 5.
1906 311 1937 341 6.
1964 321 1994 350 7.
2024 312 2054 342 8.
2092 313 2241 351 CXXXI,
2274 323 2307 344 2.

1305 353 1488 389 CXXXIII,
1508 363 1537 382 2.
1555 354 1588 382 3.
1634 354 1747 382 Similis
1765 354 1842 383 ratio
1857 359 1901 382 est
1912 353 2100 393 gradationis
2118 352 2310 395 ssuhffuauog

1303 396 1386 434 apud
1410 396 1550 426 rhetores
1569 396 1758 425 Graecorum
1779 401 1810 425 et
1829 397 2037 426 Romanorum
2061 397 2111 434 (v.
2126 408 2154 427 c.
2172 404 2253 428 auct.
2271 399 2308 428 ad

1304 439 1444 467 Herenn.
1462 439 1493 473 4,
1513 439 1550 466 25
1564 449 1571 466 :
1596 448 1671 476 quae
1685 439 1802 477 reliqua
1817 449 1884 477 spes
1898 445 2000 468 manet
2014 439 2178 477 libertatis,
2210 441 2235 470 si
2251 441 2309 469 illis

1303 484 1335 508 et
1359 481 1442 519 quod
1466 481 1561 516 libet,
1594 480 1682 517 licet;
1720 486 1750 509 et
1774 481 1854 519 quod
1878 481 1966 518 licet,
1998 487 2144 520 possunt3
2174 487 2206 510 et
2226 483 2309 521 quod

1302 529 1447 560 possunt,
1486 523 1615 559 audent3
1654 527 1685 551 et
1715 524 1795 561 quod
1824 523 1957 560 audent,
1992 524 2128 561 faciunt,
2173 529 2203 553 et
2226 525 2309 563 quod

1286 574 1292 577 ·’
1301 565 1439 600 faciunt,
1480 565 1569 593 vobis
1591 564 1753 593 molestum
1775 576 1838 594 nou
1861 566 1967 604 est'?),
1998 567 2054 594 nisi
2077 566 2158 605 quod
2181 566 2256 595 haec
2280 572 2310 596 et

1301 607 1398 639 multo
1428 606 1620 636 artificiosior
1647 611 1693 635 est
1723 611 1753 636 et
1779 608 1818 637 ad
1842 609 2021 637 sententiam
2044 609 2137 648 magis
2162 619 2251 647 quam
2271 609 2310 638 ad

1301 649 1431 678 formam
1455 649 1599 678 orationis
1622 650 1791 687 pertineat,
1820 660 1915 688 quum
1941 656 2045 679 contra
2073 652 2111 680 de
2134 651 2310 680 coniectura

1302 697 1405 720 nostra
1425 690 1567 739 gradatio
1590 692 1802 721 Hebraeorum
1826 692 1955 735 (5⁷:572)
1977 694 2013 721 ad
2032 693 2162 722 formam
2185 694 2309 732 potissi-

1302 744 1387 762 mum
1416 734 1561 762 orationis
1586 739 1720 772 spectet,
1762 744 1820 772 qua
1848 733 1963 763 ratione
1988 745 2058 764 cum
2084 746 2118 764 ea
2140 736 2308 774 compaiari

1302 780 1403 815 potest
1422 786 1543 805 carmen
1559 776 1640 814 quod
1658 775 1786 805 Triolett
1801 777 2010 815 appellamus,
2026 777 2085 805 nisi
2102 778 2208 816 quod
2201 788 2232 806 1η
2250 777 2308 806 hoc

1302 819 1399 848 oratio
1423 819 1541 857 poe'tica
1564 819 1648 856 quasi
1677 819 1709 847 in
1740 819 1844 847 orbem
1869 819 1990 856 redeat,
2011 829 2122 861 quum
2149 825 2253 848 contra
2277 820 2309 848 in

1302 861 1483 889 carminibus
1496 860 1643 900 graduum
1657 861 1743 903 apud
1762 861 1919 890 Hebraeos
1938 857 2023 900 quasi
2040 871 2095 900 per
2111 861 2218 900 gradus
2236 871 2309 900 pio—

1303 904 1388 932 cedat
1409 909 1440 932 et
1460 909 1603 941 assurgat.
1650 904 1757 932 Paullo
1786 904 1874 942 plura
1903 904 1940 932 de
1962 904 2018 933 hac
2042 904 2186 943 opinione
2207 909 2310 932 nostra

1302 946 1461 974 dedimus*
1455 956 1486 974 in
1504 946 1700 985 Ephemeiid.
1727 946 1800 974 Hal.
1821 947 1899 974 1812
1916 956 1967 975 no.
1986 947 2046 975 205
2059 969 2067 983 ,
2100 956 2176 985 quae
2194 946 2310 976 calculo

1302 999 1357 1016 suo
1390 989 1557 1026 probarunt
1581 988 1618 1017 de
1644 988 1781 1017 VVettius
1809 987 2004 1028 (Comment.
2030 989 2061 1017 in
2084 990 2136 1018 Ps.
2161 999 2228 1028 pag.
2254 978 2306 1017 56.

1302 1031 1427 1059 Einleit
1444 1032 1474 1059 in
1493 1031 1542 1059 das
1559 1031 1597 1059 A.
1610 1031 1651 1059 T.
1670 1033 1698 1068 §.
1712 1029 1815 1069 266),
1835 1031 1985 1060 Winerus
2007 1031 2116 1060 inlex.
2133 1031 2173 1059 al.
2221 1030 2308 1067 Quae

1301 1073 1374 1101 huic
1397 1074 1586 1102 coniecturae
1607 1073 1720 1111 opponi
1737 1074 1852 1111 possint
1872 1073 1924 1111 (v.
1941 1075 2086 1102 Rosenm.
2105 1078 2134 1102 et
2148 1073 2309 1101 Maurerus

1302 1116 1338 1143 ad
1356 1116 1406 1144 Ps.
1427 1114 1554 1152 CXX),
1591 1125 1661 1142 eum
1682 1114 1859 1152 rhythmum
1884 1125 1946 1143 non
1969 1115 2108 1143 omnibus
2125 1115 2309 1143 carminibus

1302 1157 1431 1188 ¹77⁷:972rt
1446 1155 1482 1186 ’ω
1499 1156 1649 1194 inscriptis
1668 1160 1698 1183 ot
1713 1161 1816 1185 contra
1836 1157 1926 1185 etiam
1942 1158 2013 1185 alibi
2039 1157 2129 1195 (Iud.
2146 1156 2193 1195 V)
2218 1166 2309 1195 repe-

1301 1199 1375 1235 riri,
1408 1209 1469 1227 non
1489 1199 1529 1226 ita
1546 1203 1715 1236 comparata
1733 1202 1824 1235 sunt,
1857 1204 1892 1227 ut
1908 1209 1973 1228 eam
1986 1199 2136 1228 refellant.
2152 1220 2155 1221 ν
2184 1199 2309 1228 Poterat

1302 1242 1383 1269 enim
1412 1242 1468 1269 iste
1503 1241 1676 1278 quindecim
1707 1241 1894 1270 psalmorum
1925 1241 2088 1270 fasciculus
2117 1252 2135 1270 a
2164 1240 2308 1280 singulari

1301 1284 1518 1322 plerorumque
1536 1293 1663 1311 numero
1685 1283 1805 1321 poetico
1831 1284 1963 1312 car-mimz
1985 1282 2133 1322 graduum
2149 1283 2306 1322 appellari,

1302 1327 1357 1354 etsi
1382 1326 1431 1354 hic
1456 1336 1517 1353 non
1540 1326 1571 1353 in
1587 1325 1728 1353 omnibus
1748 1326 1928 1364 conspicuus
1944 1331 2041 1354 esset:
2069 1330 2096 1354 et
2114 1331 2219 1354 contra
2236 1325 2304 1354 Iud.

1301 1369 1343 1403 V,
1366 1377 1377 1395 1
1405 1368 1459 1396 vix
1473 1372 1616 1405 expectes
1636 1367 1823 1395 mentionem
1839 1369 1981 1396 vocabuli
1996 1368 2128 1396 technici
2139 1389 2147 1404 ,
2172 1367 2253 1406 quod
2268 1367 2305 1395 ad

1301 1409 1437 1448 rhythmi
1453 1409 1587 1437 indolem
1608 1409 1769 1446 pertineat.

1388 1454 1502 1510 ΠΞΙΠ
1532 1474 1556 1502 f.
1588 1479 1660 1502 cstr
1680 1472 1766 1515 17¹:er
1791 1472 1847 1509 (ab
1863 1472 1945 1517 ντὶ-31,
1970 1479 2004 1503 ut
2026 1472 2116 1518 nubi-3
2135 1485 2153 1503 a
2174 1473 2239 1506 Ἶκέ
2261 1474 2305 1504 cf.

1302 1516 1381 1555 Lgb.
1400 1517 1480 1555 509)
1496 1511 1543 1555 1)
1569 1514 1702 1551 οηηιῖἰε,
1728 1514 1763 1544 in
1779 1526 1839 1554 quo
1859 1527 1935 1555 aqua
1961 1507 2114 1545 ascendit
2112 1527 2151 1545 ex
2167 1507 2261 1546 fluvio
2277 1522 2308 1546 et

1301 1564 1413 1588 terram
1430 1559 1557 1588 inundat
1573 1564 1603 1587 et
1622 1559 1723 1596 irrigat
1749 1557 1798 1597 (v.
1817 1557 1879 1588 rtbv
1898 1560 1968 1588 Am.
1980 1559 2070 1596 VIII,
2085 1559 2121 1595 8,
2147 1558 2235 1603 Γιέψπ
2250 1560 2305 1588 Ez.

1301 1608 1432 1641 XXVI,
1456 1605 1495 1647 3)
1529 1617 1540 1636 1
1559 1609 1638 1646 Reg.
1667 1607 1790 1643 XVIII,
1814 1608 1867 1636 32.
1893 1608 1945 1636 35.
1968 1608 2021 1637 38.
2049 1609 2155 1646 2Reg.
2177 1591 2305 1644 XVIII,

1306 1659 1355 1685 17.
1379 1629 1452 1686 XX,
1471 1658 1530 1686 20,
1570 1662 1607 1690 aq
1610 1648 1766 1678 uaeduclus
1790 1650 1851 1678 JeS.
1873 1650 1946 1687 VII,
1965 1651 1995 1679 5.
2021 1651 2173 1686 XXXVI,
2193 1659 2223 1679 2.
2247 1652 2305 1679 Ez.

1301 1693 1431 1727 XXXI,
1464 1693 1495 1721 4.
1542 1693 1629 1721 Poet.
1660 1692 1725 1720 Iob.
1751 1693 1945 1729 XXXVIII,
1970 1694 2028 1722 25:
2061 1691 2162 1740 ‘li-'²3³²
2189 1693 2247 1732 :3253
2270 1700 2305 1722 '¹⁷2

1301 1735 1386 1777 ’Πένη
1411 1735 1476 1774 quis
1499 1733 1599 1762 divisit
1622 1733 1711 1762 imbri
1731 1732 1875 1764 canales?
1904 1735 1936 1763 h.
1962 1746 1990 1764 e.
2016 1736 2083 1774 quis
2105 1745 2224 1785 aquam
2238 1726 2307 1772 plu-

1301 1768 1411 1805 vialem
1433 1777 1464 1804 in
1490 1787 1592 1805 onmes
1616 1776 1693 1804 coeli
1714 1781 1812 1815 partes
1838 1777 2008 1806 derivavit?
2039 1778 2129 1806 LXX
2146 1781 2193 1807 ter
2210 1773 2306 1817 mipa-

1300 1817 1413 1859 γωγός,
1445 1829 1493 1857 ap.
1512 1820 1580 1848 Iob.
1602 1816 1702 1867 ῥύσις.

1387 1864 1420 1896 2)
1443 1860 1647 1901 emplastrum,
1671 1859 1779 1901 jascia
1803 1861 1924 1890 vulneii
1948 1862 2086 1900 imposita
2111 1862 2173 1890 Jer.
2197 1861 2304 1898 XXX,

1306 1905 1354 1932 13.
1382 1904 1507 1938 XLVI,
1536 1913 1567 1932 11
1611 1903 1765 1933 esst-1:2³⁸
1799 1902 1888 1933 riba-r
1920 1904 2064 1942 imposuit
2094 1914 2119 1932 ε.
2145 1903 2308 1951 applicavit

1301 1946 1434 1974 fasciam.
1474 1925 1556 1974 Niale
1570 1946 1620 1974 alii
1636 1944 1804 1974 cicatricem
1821 1937 2077 1985 interpretantur,
2103 1946 2214 1984 quippe
2230 1955 2306 1984 quae

1302 1989 1391 2017 elatio
1406 1992 1436 2017 et
1451 1988 1673 2017 incrementum
1695 1988 1794 2016 carnis
1817 1988 1867 2016 sit.

1390 2073 1475 2152 2¹⁷⁸?ss
1497 2101 1517 2130 i.
1536 2112 1567 2140 q.
1591 2100 1653 2145 &333
1673 2106 1703 2131 et
1725 2100 1792 2146 ῬΞ-733
1815 2100 1995 2136 exsultavit,
2019 2098 2155 2129 iubilavit
2179 2099 2229 2140 (et
2241 2101 2304 2139 pri-

1303 2165 1394 2193 mitus
1417 2164 1557 2203 quidem,
1588 2165 1619 2192 ni
1637 2164 1743 2200 fallor,
1774 2165 1811 2193 de
1831 2164 1909 2193 laeto
1931 2161 2304 2201 ε]εη101“ε,ῐιῐᾶλαλάζω,

1303 2213 1374 2250 ἷξῆτ,
1405 2217 1467 2235 non
1490 2207 1526 2234 de
1547 2207 1733 2241 exsiliendo,
1766 2207 1919 2243 saltando,
1950 2212 1983 2235 ut
2006 2216 2072 2244 syn.
2091 2205 2123 2236 ἰ’
2112 2206 2160 2244 '‘q)
2187 2215 2204 2234 2
2221 2207 2302 2235 Sam.

1304 2251 1330 2284 I,
1356 2258 1405 2277 2ο.
1432 2250 1483 2277 Ps.
1505 2249 1574 2282 LX,
1593 2250 1622 2277 8.
1648 2248 1797 2283 LXVIII,
1815 2250 1844 2277 5.
1871 2248 1969 2287 Zeph.
1990 2249 2049 2283 III,
2072 2249 2126 2284 14,
2156 2259 2202 2286 sq.
2225 2256 2244 2277 Ξ
2267 2248 2304 2277 de

1304 2271 1403 2330 aliqua
1422 2302 1454 2320 re
1477 2292 1527 2319 Ps.
1554 2291 1683 2326 CXLX,
1701 2291 1732 2319 5.
1765 2271 1845 2319 H’ab.
1864 2291 1923 2326 111,
1949 2291 1995 2319 18
2042 2291 2204 2320 Tribuitur
2220 2281 2304 2319 cordi

1303 2335 1352 2362 Ps.
1372 2333 1525 2368 XXVIII,
1545 2342 1580 2369 7,
1612 2333 1736 2361 renibus
1765 2333 1858 2362 Prov.
1875 2313 1998 2368 XXIII,
2019 2332 2075 2369 16,
2107 2333 2196 2361 etiam
2214 2333 2304 2361 rebus

1302 2376 1471 2404 inanimatis
1500 2376 1549 2403 Ps.
1574 2375 1692 2410 XCVI,
1724 2384 1770 2403 12.
1818 2376 1931 2403 Passim
1956 2376 1985 2403 in
2008 2376 2113 2403 malam
2135 2379 2250 2413 partem
2266 2375 2304 2403 de

1302 2417 1347 2445 liis
1380 2418 1431 2454 qui
1462 2418 1550 2445 rebus
1580 2418 1719 2445 secundis
1745 2418 1926 2455 superbiunt
1956 2419 2005 2447 ΡΒ.
2028 2418 2152 2453 XCIV,
2177 2417 2302 2446 3.'Jes.

1301 2460 1432 2493 XXIII,
1462 2468 1513 2495 12,
1551 2459 1592 2487 cf.
1628 2460 1675 2495 V,
1706 2459 1753 2487 14.
1785 2460 1847 2488 Jer.
1878 2461 1924 2495 L,
1952 2470 1984 2488 11
2023 2460 2113 2488 LXX
2142 2459 2304 2497 quinquies

1300 2499 1513 2540 ἀγαλλιάομαι,
1531 2506 1576 2530 ter
1590 2499 1770 2539 καυχάομιιι,
1787 2500 2054 2541 κατακαυχάομαι,
2077 2501 2168 2530 semel
2178 2497 2302 2541 ὗβρίζω.

1390 2546 1459 2610 Ἰἒῦἰ
1479 2566 1539 2605 adj.
1559 2567 1679 2595 verbale
1693 2589 1701 2603 ,
1727 2566 1884 2606 exultans,
1906 2567 2070 2608 superbiens
2091 2567 2151 2595 Jes.
2168 2567 2207 2603 V,
2230 2566 2279 2595 14.

1389 2623 1475 2669 ῬῬῖ
1504 2633 1547 2661 id.
1580 2642 1660 2661 max.
1694 2634 1724 2662 in
1754 2634 1859 2662 malam
1889 2638 2003 2673 partem
2033 2631 2207 2672 super-hiem.
2237 2632 2300 2661 Jes.

1300 2666 1458 2711 XX11,2'.
1489 2676 1611 2710 xxm,
1630 2685 1659 2712 7.
1692 2677 1812 2713 xxiv,
1832 2677 1862 2706 8.
1894 2675 2032 2711 xxxa,
2063 2675 2111 2704 13.
2142 2673 2237 2703 zach.
2256 2674 2300 2710 11,
